3484 5617
357 512 414 567 O.
458 520 538 567 12.
1120 509 1487 594 Euangelium
1526 511 1829 593 secundum
1870 512 2197 565 Johannem.
2875 520 2954 580 61

354 731 555 802 nocte,
619 724 921 801 offendet,
992 725 1142 805 quia
1187 722 1296 786 lux
1359 740 1484 786 non
1532 728 1630 787 est
1689 724 1753 788 in
1803 741 1898 787 eo.
1996 724 2094 787 11.
2145 721 2319 787 Haec
2366 724 2457 788 ait
2503 730 2567 790 et
2613 729 2762 805 post
2805 724 2961 793 haec

356 832 508 896 dicit
552 831 679 895 eis:
728 829 1013 894 Lazarus
1063 829 1305 892 amicus
1353 832 1572 892 noster
1620 827 1871 910 dormit,
1958 827 2071 892 sed
2118 829 2282 892 uado
2331 832 2403 892 ut
2448 830 2748 893 suscitem
2796 849 2957 896 eum.

359 939 454 1001 12.
503 935 825 1000 Dixerunt
870 935 931 999 ei
977 933 1306 1014 discipuli:
1360 933 1629 1010 domine,
1678 934 1733 998 81
1784 931 2036 1010 dormit,
2082 933 2303 998 saluus
2350 934 2494 999 erit.
2548 936 2646 999 13.
2694 934 2961 1001 Dixerat

359 1044 568 1105 autem
638 1039 835 1105 Jesus
904 1040 981 1103 de
1043 1043 1245 1105 morte
1306 1039 1476 1118 eius3
1551 1036 1644 1102 illi
1692 1041 1903 1103 autem
1953 1042 2346 1120 putauerunt
2391 1038 2557 1119 quod
2606 1038 2683 1102 de
2731 1039 2961 1104 dormi-

357 1147 532 1210 tione
592 1145 796 1208 somni
858 1146 1096 1210 diceret
1155 1144 1267 1209 018.
1358 1144 1458 1206 14.
1523 1142 1700 1206 Tunc
1745 1161 1895 1225 ergo
1960 1144 2053 1208 eis
2115 1143 2275 1208 dixit
2335 1143 2529 1208 Jesus
2589 1143 2957 1209 manifeste:

361 1252 641 1315 Lazarus
687 1254 976 1314 mortuus
1019 1258 1153 1326 est3
1221 1248 1315 1313 15.
1365 1248 1477 1314 sed
1524 1248 1772 1329 gaudeo
1820 1252 2085 1330 propter
2132 1267 2268 1327 008,
2340 1253 2414 1313 ιιι
2459 1248 2757 1327 credam,
2807 1267 2956 1329 quo-

366 1357 537 1420 niam
583 1373 708 1419 non
757 1373 929 1419 eram
979 1354 1097 1433 ibi3
1147 1353 1260 1417 sed
1308 1370 1525 1417 eamus
1571 1353 1650 1416 ad
1701 1370 1865 1416 eum.
1946 1354 2045 1418 16.
2093 1353 2272 1417 Dixit
2316 1370 2465 1435 ergo
2512 1352 2806 1436 ThomaS,
2851 1356 2958 1436 qui

363 1460 594 1524 dicitur
643 1460 956 1538 didymus,
1005 1459 1084 1524 ad
1132 1456 1635 1538 condiscipulos:
1727 1458 1967 1522 Eamus
2014 1463 2077 1523 et
2124 1476 2259 1533 1108,
2314 1462 2385 1523 οι
2429 1460 2773 1524 moriamur
2819 1477 2960 1523 cum

357 1564 487 1628 illo.
542 1566 639 1628 17.
689 1560 888 1627 Uenit
932 1581 1084 1644 ergo
1131 1561 1323 1627 Jesus
1371 1565 1436 1625 et
1482 1563 1727 1626 inuenit
1773 1581 1917 1626 eum
1965 1567 2270 1642 quattuor
2315 1564 2451 1629 dies
2497 1564 2619 1628 iam
2654 1563 2720 1627 in
2743 1581 2963 1627 monu-

359 1674 571 1733 mento
617 1667 976 1732 habentem.
1078 1668 1173 1732 18.
1232 1667 1390 1730 Erat
1437 1669 1650 1730 autem
1698 1666 2017 1731 Bethania
2065 1668 2241 1731 iuxta
2287 1666 2733 1750 Hierosolyma
2780 1668 2963 1749 quasi

359 1762 399 1839 a
443 1774 669 1838 stadiis
715 1772 850 1836 XV.
948 1772 1048 1836 19.
1094 1771 1282 1835 Multi
1331 1776 1543 1835 autem
1592 1790 1670 1834 ex
1717 1769 1990 1835 Judaeis
2036 1777 2349 1836 uenerant
2402 1773 2482 1836 ad
2531 1772 2846 1837 Martham
2894 1777 2959 1837 et

365 1879 651 1953 Mariam,
720 1882 791 1940 ut
841 1876 1324 1941 consolarentur
1393 1892 1499 1939 eas
1562 1876 1641 1939 de
1685 1874 1886 1940 fratre
1933 1894 2069 1941 800.
2163 1877 2265 1940 20.
2317 1876 2575 1941 Martha
2621 1896 2770 1959 ergo
2820 1898 2958 1942 cum

366 1984 629 2066 audiuit,
679 1988 825 2062 quia
847 1980 1042 2045 Jesus
1093 1984 1378 2054 uenerat,
1435 1981 1711 2045 occurrit
1759 1979 1871 2045 illi.
1949 1981 2158 2045 Maria
2204 1986 2416 2046 autem
2463 1983 2632 2047 domi
2679 1982 2960 2047 sedebat.

366 2091 467 2152 21.
518 2088 694 2152 Dixit
741 2085 958 2167 itaque
1006 2084 1265 2149 Martha
1311 2086 1392 2149 ad
1423 2084 1681 2149 Jesum:
1731 2084 2001 2164 domine,
2051 2087 2105 2151 si
2135 2086 2238 2150 hic
2263 2085 2512 2161 fuisseS,
2563 2087 2763 2151 frater
2785 2107 2963 2151 meus

363 2211 486 2256 non
531 2195 702 2257 esset
745 2195 1066 2268 mortuus;
1116 2191 1218 2253 22.
1251 2190 1362 2253 sed
1388 2209 1555 2255 nunc
1601 2192 1753 2273 8010,
1800 2193 1949 2271 quia
1989 2210 2422 2274 quaecumque
2455 2193 2719 2273 petieris
2753 2211 2789 2255 a
2823 2193 2962 2268 deo,

364 2297 540 2363 dabit
583 2297 698 2362 tibi
748 2298 924 2362 deus.
1017 2298 1119 2362 23.
1170 2296 1346 2360 Dicit
1391 2298 1450 2360 ei
1498 2295 1732 2361 Jesus:
1782 2296 2101 2378 Resurget
2145 2295 2343 2361 frater
2389 2302 2557 2362 tuus,
2637 2298 2740 2361 24.
2789 2297 2962 2362 Dicit

361 2405 418 2468 ei
466 2392 752 2467 Martha:
834 2401 997 2480 Sci0,
1068 2402 1218 2482 quia
1263 2407 1558 2483 resurget
1622 2401 1684 2464 in
1756 2401 2223 2467 resurrectione
2295 2402 2357 2465 in
2426 2402 2771 2467 nobissimo
2841 2402 2961 2467 die.

360 2510 462 2575 25.
511 2509 689 2573 Dixit
736 2511 950 2572 autem
1020 2507 1079 2571 ei
1126 2505 1357 2572 Jesus:
1449 2506 1589 2588 Ego
1638 2526 1779 2571 sum
1825 2507 2212 2572 resurrectio
2260 2513 2324 2572 et
2371 2507 2527 2585 uita,
2607 2508 2715 2587 qui
2764 2507 2965 2572 credit

364 2615 429 2678 in
476 2631 593 2690 me,
639 2612 832 2677 etiam
879 2612 933 2675 si
981 2616 1264 2676 mortuus
1311 2610 1524 2691 fuerit,
1574 2612 1758 2689 uiuit,
1809 2613 1914 2677 26.
1961 2617 2025 2677 οι
2051 2614 2253 2677 omnis
2302 2613 2410 2691 qui
2463 2612 2626 2677 uiuit
2667 2617 2731 2676 et
2764 2612 2967 2677 credit

368 2720 431 2782 in
482 2736 600 2795 me,
647 2726 774 2780 non
821 2717 1126 2781 morietur
1188 2717 1250 2781 in
1299 2721 1649 2782 aeternum.
1724 2715 1948 2782 Credis
2009 2718 2174 2782 hoc?
2244 2721 2346 2783 27.
2414 2717 2524 2780 Α1ι
2570 2717 2626 2780 01
2677 2717 2970 2781 Martha:

374 2820 605 2904 Utique
674 2822 946 2904 domine,
1027 2840 1143 2902 ego
1212 2822 1473 2899 credidi,
1553 2822 1698 2902 quia
1754 2827 1822 2885 tu
1869 2838 1939 2885 es
1990 2819 2286 2885 Christus
2332 2818 2501 2884 filius
2552 2820 2678 2899 dei,
2754 2819 2859 2901 qui
2907 2822 2969 2883 in

368 2927 538 2991 hunc
584 2925 883 2989 mundum
933 2926 1185 2991 uenisti.
1234 2928 1338 2992 28.
1385 2926 1470 2989 Ει
1518 2945 1657 2989 cum
1704 2927 1865 2991 haec
1913 2927 2199 3009 dixisset,
2251 2925 2409 2990 abiit
2456 2931 2518 2990 et
2551 2924 2809 2990 uocauit
2836 2924 2968 2988 Ma-

371 3030 531 3096 riam
578 3048 857 3095 sororem
909 3048 1082 3094 suam
1130 3030 1383 3095 silentio
1431 3029 1683 3095 dicens:
1795 3030 2106 3112 Magister
2152 3032 2337 3095 adest
2384 3035 2449 3095 et
2497 3034 2682 3095 uocat
2727 3035 2808 3093 to.
2861 3031 2963 3095 29.

373 3135 456 3200 Ει
499 3135 612 3200 illa
659 3139 729 3199 ut
773 3135 1044 3214 audiuit,
1094 3136 1376 3200 surrexit
1423 3137 1548 3200 cito
1597 3140 1662 3199 et
1713 3135 2008 3200 ueniebat
2036 3136 2114 3200 ad
2148 3153 2315 3218 eum,
2362 3136 2462 3201 30.
2499 3136 2772 3200 nondum
2800 3137 2964 3200 enim

370 3245 635 3305 uenerat
677 3240 868 3305 Jesus
913 3242 979 3305 in
1028 3241 1381 3318 castellum,
1459 3241 1572 3304 sed
1620 3245 1761 3304 erat
1805 3240 2011 3305 adhuc
2059 3241 2167 3305 illo
2214 3241 2373 3322 1000,
2445 3239 2557 3330 'ubi
2607 3245 2968 3306 occurrerat

367 3347 424 3409 ei
474 3345 745 3410 Martha.
793 3348 894 3411 31.
944 3345 984 3410 J
994 3346 1179 3410 udaei
1227 3348 1459 3428 autem,
1509 3348 1616 3427 qui
1666 3351 1848 3410 erant
1896 3364 2036 3409 cum
2070 3347 2243 3409 eain
2278 3346 2480 3425 d01n0,
2530 3345 2966 3428 quiadloque·

367 3451 596 3515 bantur
661 3471 800 3515 cum
864 3470 1024 3535 eam,
1104 3467 1243 3514 cum
1310 3450 1624 3515 uidissent
1686 3449 1891 3515 Maria
1952 3450 2102 3532 quia
2149 3452 2272 3515 cito
2319 3451 2597 3517 surrexit
2641 3456 2706 3516 et
2750 3452 2967 3532 exiuit‚

365 3555 569 3621 secuti
637 3560 784 3621 sunt
852 3575 989 3620 eam
1059 3555 1374 3620 dicentes:
1455 3556 1600 3636 quia
1651 3556 1831 3620 uadit
1877 3556 1954 3619 ad
2006 3559 2495 3638 mouumentum,
2543 3563 2614 3620 ut
2661 3555 2812 3621 fleat
2858 3558 2966 3621 ibi.

368 3662 472 3726 32.
522 3659 729 3724 Maria
775 3666 985 3725 autem
1035 3664 1105 3725 ut
1128 3659 1325 3743 uenit,
1373 3660 1479 3724 ubi
1528 3665 1665 3724 erat
1712 3661 1904 3726 Jesus
1952 3667 2018 3724 et
2065 3660 2227 3724 uidit
2274 3679 2434 3739 eum,
2485 3661 2713 3725 cecidit
2746 3662 2824 3724 ad
2860 3680 2967 3741 pe·

369 3766 483 3830 des
518 3761 657 3829 eius
703 3768 768 3829 et
814 3765 976 3829 dixit
1022 3766 1112 3829 ei:
1166 3765 1436 3844 domine,
1486 3767 1540 3830 si
1588 3766 1691 3830 hic
1737 3763 1994 3845 fuisses,
2042 3783 2167 3829 non
2217 3768 2388 3829 esset
2432 3770 2718 3829 mortuus
2765 3765 2970 3830 frater

369 3887 566 3933 meus.
660 3871 762 3935 33.
814 3869 1006 3934 Jesus
1066 3888 1218 3951 ergo
1280 3875 1351 3935 ut
1403 3869 1566 3935 uidit
1613 3888 1756 3934 eam
1800 3867 2057 3936 flentem
2105 3873 2170 3933 et
2214 3869 2499 3934 Judaeos
2545 3868 2788 3949 110οι08,
2860 3872 2966 3952 qui

372 3981 678 4039 uenerant
725 3994 865 4039 cum
912 3993 1008 4054 ea,
1082 3975 1409 4041 infremuit
1475 3976 1704 4058 spiritu
1763 3979 1825 4040 et
1870 3975 2156 4040 turbauit
2204 3975 2614 4056 semetipsum
2662 3980 2725 4039 et
2773 3974 2963 4041 dixit:

369 4072 615 4147 34.Ubi
642 4079 946 4162 posuistis
973 4079 1164 4143 eum?
1198 4080 1433 4147 Dicunt
1456 4082 1533 4164 01,
1569 4080 1852 4145 domine:
1895 4081 2042 4144 ueni
2070 4084 2133 4144 et
2157 4080 2322 4144 uide.
2373 4081 2473 4145 35.
2502 4079 2587 4143 Et
2603 4078 2967 4145 lacrimatus

369 4190 468 4249 est
511 4185 722 4251 Jesus.
812 4187 915 4250 36.
977 4186 1293 4250 Dixerunt
1354 4204 1503 4266 ergo
1566 4185 1835 4251 Judaei:
1909 4183 2093 4269 Ecce,
2142 4186 2453 4266 quomodo
2501 4185 2754 4249 amabat
2802 4203 2964 4250 eum.

372 4292 471 4355 37.
521 4288 788 4364 Quidam
855 4294 1066 4353 autem
1129 4290 1430 4354 dixerunt
1489 4308 1566 4353 ex
1628 4289 1819 4371 ipsis:
1913 4288 2056 4354 Non
2119 4291 2330 4372 potuit
2377 4290 2496 4370 hic,
2568 4292 2676 4371 qui
2721 4291 2972 4372 aperuit

376 4394 591 4459 oculos
639 4393 830 4472 caeci,
879 4392 1114 4474 facere,
1160 4412 1240 4456 ne
1288 4394 1482 4458 ethic
1529 4396 1928 4459 moreretur?
1974 4397 2077 4461 38.
2125 4394 2316 4461 Jesus
2350 4414 2499 4478 ergo
2524 4395 2781 4461 fremuit
2806 4396 2972 4461 intra

373 4499 783 4580 semetipsum
832 4504 898 4563 et
943 4500 1123 4564 uenit
1167 4499 1247 4562 ad
1296 4501 1803 4579 monumentum3
1881 4504 2020 4563 erat
2066 4504 2279 4564 autem
2326 4501 2654 4581 spelunca,
2703 4506 2767 4564 et
2813 4501 2975 4583 lapis

374 4605 817 4686 superpositus
862 4606 941 4670 ei.
1034 4605 1136 4669 39.
1186 4602 1360 4668 Dicit
1405 4601 1629 4666 Jesus:
1701 4602 1933 4667 Tollite
1979 4603 2273 4684 lapidem.
2347 4606 2521 4670 Dicit
2580 4606 2639 4669 ei
2688 4605 2970 4670 Martha:

374 4706 646 4787 domine,
712 4713 838 4773 iam
888 4709 1065 4788 fetet,
1114 4707 1534 4791 quadriduum
1585 4706 1752 4770 enim
1801 4706 2011 4771 habet.
2061 4711 2165 4774 40.
2213 4710 2388 4774 Dicit
2435 4709 2527 4774 illi
2559 4709 2780 4774 Jesus:
2840 4693 2974 4774 Non

373 4810 504 4875 dixi
551 4813 708 4877 tibi:
762 4813 908 4894 quia
956 4812 1011 4875 si
1061 4809 1425 4890 credideriS,
1475 4808 1724 4874 uidebis
1771 4808 2032 4892 gloriam
2081 4809 2232 4875 dei?
2320 4814 2424 4878 41.
2471 4812 2780 4878 Tulei-unt
2826 4831 2973 4894 ergo
