3484 5617
591 480 674 546 28
1341 473 1703 544 Euangelium
1742 473 2042 529 secundum
2081 474 2439 529 Matthaeum.
3008 470 3068 525 C.
3105 477 3213 536 20.

587 690 885 751 testatem
935 691 1234 751 exercent
1281 686 1344 749 in
1392 704 1520 752 eos.
1571 685 1672 751 26.
1722 682 1865 749 Non
1912 686 2004 751 ita
2065 686 2187 750 erit
2234 686 2400 750 inter
2448 703 2596 764 uos;
2645 686 2759 749 sed
2807 685 3214 767 quicumque

593 785 875 856 uoluerit
919 793 1087 857 inter
1133 809 1249 855 uos
1275 791 1474 854 maior
1519 787 1677 871 fieri,
1727 790 1855 853 erit
1902 793 2117 854 uester
2150 789 2474 868 minister3
2522 793 2621 856 27.
2672 795 2739 855 et
2770 792 2878 874 qui
2910 789 3216 856 uoluerit

593 895 760 959 inter
819 916 936 961 uos
997 896 1243 978 primus
1305 915 1467 977 esse,
1539 896 1664 959 erit
1725 899 1943 959 uester
2012 912 2257 960 seruus.
2329 897 2429 961 28.
2479 893 2656 960 Sicut
2700 894 2871 960 filius
2918 894 3214 959 hominis

589 1019 718 1064 non
766 1000 945 1066 uenit
990 1000 1355 1078 ministrari,
1421 999 1535 1062 sed
1580 1000 1949 1064 ministrare
1997 1003 2061 1062 et
2106 999 2258 1063 dare
2306 1000 2576 1063 animam
2626 1017 2803 1065 suam
2850 999 3215 1081 redempti-

587 1124 768 1169 onem
804 1124 919 1188 pro
966 1106 1198 1171 multis.
1250 1102 1383 1169 Uos
1433 1109 1644 1168 autem
1682 1103 1990 1187 quaeritis
2038 1104 2120 1167 de
2151 1104 2385 1185 pusillo
2421 1121 2710 1168 crescere
2744 1108 2809 1168 et
2841 1105 2918 1169 de
2949 1104 3213 1168 minore

588 1211 861 1275 maiores
909 1228 1072 1276 esse.
1123 1210 1446 1274 Intrantes
1492 1214 1704 1275 autem
1752 1212 1817 1273 et
1862 1210 2065 1290 rogati
2138 1208 2216 1274 ad
2265 1226 2503 1288 cenam,
2573 1207 2771 1273 nolite
2823 1207 3216 1273 recumbere

593 1315 656 1378 in
704 1316 864 1380 locis
913 1314 1459 1394 eminentioribus,
1522 1334 1602 1380 ne
1649 1313 1813 1380 forte
1863 1313 2094 1378 clarior
2140 1318 2204 1377 te
2250 1315 2693 1395 superueniat3
2762 1321 2828 1379 et
2874 1313 3214 1378 adcedens

594 1420 701 1499 qui
749 1419 828 1486 ad
877 1438 1093 1484 cenam
1143 1419 1398 1484 uocauit
1444 1423 1527 1496 te,
1576 1418 1750 1483 dicat
1794 1417 1946 1482 tibi:
2004 1419 2233 1483 Adhuc
2278 1417 2570 1482 deorsum
2619 1420 2869 1497 accede,
2931 1422 2995 1481 et
3041 1435 3210 1481 con-

597 1523 903 1590 fundaris.
953 1524 1019 1588 Si
1054 1530 1267 1588 autem
1302 1525 1364 1588 in
1400 1523 1536 1587 loco
1571 1523 1858 1587 inferiori
1893 1522 2287 1604 recubueris,
2322 1527 2388 1588 et
2418 1524 2863 1606 superuenerit
2894 1521 3214 1586 humilior

593 1632 679 1710 te,
728 1629 899 1693 dicet
945 1630 1082 1712 tibi,
1164 1631 1269 1710 qui
1321 1628 1402 1692 ad
1464 1646 1682 1694 cenam
1745 1629 2002 1692 uocauit
2045 1631 2145 1693 te:
2208 1628 2441 1694 accede
2501 1628 2710 1693 adhuc
2758 1645 3027 1692 sursum.
3108 1624 3213 1690 Et

593 1733 720 1797 erit
763 1733 883 1798 hoc
929 1734 1045 1798 tibi
1093 1733 1336 1799 utiliuS.
1399 1733 1501 1796 29.
1567 1732 1652 1796 Et
1698 1731 2175 1814 egredientibus
2222 1733 2314 1798 eis
2376 1733 2455 1797 ab
2502 1732 2765 1798 Jericho
2828 1737 3048 1797 secuta
3094 1736 3210 1796 est

596 1855 739 1900 eum
785 1836 975 1901 turba
1022 1837 1255 1917 multa3
1307 1838 1408 1903 30.
1459 1843 1525 1903 et
1556 1855 1704 1903 ecce
1736 1837 1860 1901 duo
1895 1838 2067 1902 caeci
2101 1839 2398 1903 sedentes
2428 1856 2615 1903 secus
2651 1839 2817 1902 uiam
2850 1836 3209 1900 audierunt

590 1941 756 2022 quod
806 1940 1000 2007 Jesus
1023 1942 1275 2020 transit,
1329 1945 1396 2006 et
1426 1943 1870 2006 clamauerunt
1902 1943 2222 2007 dicentes:
2269 1944 2571 2008 miserere
2604 1942 2806 2025 nobiS‚
2839 1941 2926 2005 fili
2962 1941 3202 2006 Dauid.

591 2047 698 2112 31.
747 2046 961 2110 Turba
1008 2052 1219 2111 autem
1270 2049 1641 2128 increpabat
1689 2067 1798 2112 eos
1846 2051 1917 2112 ut
1960 2052 2259 2113 tacerent.
2311 2049 2411 2113 Ad
2460 2048 2558 2113 illi
2604 2048 2806 2130 magis
2839 2046 3205 2112 clamabant

592 2151 910 2218 dicentes:
962 2152 1231 2230 domine,
1281 2153 1585 2217 miserere
1647 2153 1849 2226 nobis,
1899 2150 1986 2216 fili
2037 2154 2266 2219 Dauid.
2339 2155 2441 2219 32.
2487 2154 2575 2218 Et
2621 2153 2802 2218 stetit
2861 2150 3077 2230 Jesus,
3126 2158 3199 2217 et

591 2257 853 2320 uocauit
897 2260 962 2322 et
1007 2257 1130 2321 ait:
1203 2256 1371 2334 Quid
1433 2256 1631 2321 uultis
1677 2255 1910 2321 faciam
1959 2258 2187 2323 uobis?
2256 2259 2356 2322 33.
2429 2259 2660 2321 Dicunt
2721 2256 2846 2321 illi:
2916 2257 3192 2336 domine,

591 2364 662 2426 ut
687 2361 1055 2441 aperiantur
1104 2362 1270 2425 oculi
1317 2363 1536 2425 nostri.
1585 2363 1686 2426 34.
1739 2360 2049 2426 Misertus
2096 2367 2308 2426 autem
2343 2362 2591 2427 illorum
2623 2361 2817 2429 Jesus
2858 2367 2923 2426 et
2974 2363 3199 2443 tetigit

590 2465 808 2529 oculos
855 2484 1094 2530 eorum.
1143 2465 1228 2529 Et
1273 2464 1601 2531 confestim
1649 2465 1953 2530 uiderunt
2001 2474 2064 2531 et
2109 2470 2315 2534 secuti
2366 2473 2515 2533 suut
2560 2486 2724 2532 eum.

2325 2577 2336 2608 l

797 2671 1001 2740 xxl.
1071 2677 1129 2738 1.
1177 2674 1263 2738 Et
1310 2674 1549 2739 factum
1610 2680 1710 2739 est
1759 2694 1895 2740 cum
1959 2677 2538 2759 adpropinquasset
2585 2675 3064 2759 Hierosolymis,
3126 2680 3193 2738 et

589 2779 917 2844 benissent
976 2779 1041 2842 iu
1104 2780 1482 2861 Bethphage
1541 2782 1603 2844 in
1668 2789 1943 2847 montem
1991 2782 2250 2862 oliueti;
2324 2787 2475 2846 tunc
2538 2780 2731 2847 Jesus
2793 2782 2969 2846 misit
3032 2781 3195 2844 duos

588 2884 938 2965 discipulos
984 2902 1134 2948 suos
1182 2884 1438 2949 dicens:
1489 2887 1547 2949 2.
1599 2887 1695 2950 Ite
1742 2887 1805 2953 in
1855 2888 2209 2971 castellum,
2274 2887 2445 2968 quod
2494 2894 2714 2952 contra
2778 2905 2892 2951 uos
2940 2891 3060 2962 est,
3129 2892 3201 2949 ct

590 2988 935 3054 inuenietis
982 2989 1223 3053 asinam
1290 2990 1613 3070 alligatam
1678 2996 1741 3054 et
1802 2992 2040 3073 pullum
2091 3012 2231 3056 cum
2297 3011 2405 3070 ea3
2454 2993 2684 3057 soluite
2759 2997 2828 3056 et
2893 2990 3201 3055 adducite

592 3095 771 3177 mihi,
823 3096 881 3158 3.
932 3099 998 3158 et
1044 3094 1267 3174 siquis
1314 3095 1496 3158 uobis
1544 3095 1785 3176 aliquid
1833 3096 2332 3173 dixerit,·dicite
2379 3097 2526 3177 quia
2596 3097 2888 3161 dominus
2936 3114 3203 3178 operam

593 3218 814 3263 eorum
867 3199 1211 3278 desiderat,
1260 3204 1325 3263 et
1364 3199 1696 3263 confestim
1727 3201 2012 3265 remittet
2060 3220 2187 3266 eos.
2238 3206 2297 3268 4.
2348 3201 2485 3266 Hoc
2533 3208 2744 3267 autem
2791 3201 3025 3266 factum
3075 3205 3201 3280 est,

593 3309 663 3367 ut
710 3303 1088 3385 impleretur
1132 3304 1300 3384 quod
1349 3304 1586 3368 dictum
1635 3311 1733 3369 est
1782 3324 1898 3386 per
1945 3307 2320 3388 prophetam
2370 3307 2718 3372 dicentem:
2784 3306 2977 3371 dicite
3020 3302 3200 3369 filiae

595 3408 778 3476 Sion:
843 3411 902 3473 5.
951 3408 1122 3472 Ecce
1169 3426 1280 3471 rex
1327 3413 1480 3473 tuus
1527 3409 1706 3472 uenit
1767 3411 1883 3474 tibi
1944 3417 2316 3476 mansuetus
2393 3412 2621 3477 sedens
2685 3430 2881 3495 super
2951 3409 3202 3492 pullum

593 3513 812 3577 asinae
858 3512 1182 3578 nobellum
1232 3512 1646 3594 subiugalem.
1693 3515 1756 3579 6.
1807 3514 2051 3581 Euntes
2099 3522 2310 3580 autem
2360 3516 2657 3597 discipuli
2690 3515 2981 3580 fecerunt
3025 3516 3202 3579 sicut

588 3618 918 3698 praecepit
964 3617 1092 3682 illis
1140 3617 1349 3683 Jesus.
1417 3619 1473 3682 7.
1523 3617 1606 3682 Et
1669 3619 2071 3684 adduxerunt
2133 3622 2375 3685 asinam
2424 3626 2488 3685 et
2541 3621 2802 3703 pullum,
2867 3625 2931 3685 et
2992 3620 3197 3700 impo-

592 3727 860 3787 suerunt
910 3740 981 3786 su
992 3741 1103 3804 per
1135 3742 1275 3787 eum
1313 3722 1696 3790 uestimenta
1727 3729 1793 3789 et
1824 3725 2089 3790 sedebat
2120 3744 2312 3807 super
2344 3745 2506 3790 eum.
2557 3727 2614 3792 8.
2662 3725 2947 3790 Plurima
2979 3730 3198 3789 autem

593 3825 781 3890 turba
829 3831 1198 3892 strauerunt
1246 3830 1627 3893 uestimenta
1680 3848 1796 3893 sua
1864 3832 1927 3894 in
1977 3832 2113 3909 uia3
2177 3831 2289 3895 alii
2349 3836 2559 3895 autem
2609 3832 2921 3896 cedebant
2979 3848 3201 3896 ramos

596 3931 676 3995 de
725 3934 1056 3999 arboribus
1104 3938 1168 3998 et
1194 3934 1563 3998 sternebant
1609 3934 1837 4013 inuia3
1887 3936 1944 3999 9.
1992 3936 2219 4000 turbae
2246 3942 2478 4017 autem,
2534 3956 2697 4019 quae
2722 3936 3200 4018 praecedebant

593 4041 657 4100 et
702 4056 867 4119 quae
914 4038 1363 4121 sequebantur,
1414 4039 1791 4117 clamabant,
1842 4040 2157 4107 dicentes:
2209 4039 2499 4107 Ossanna
2530 4041 2662 4106 filio
2709 4041 2956 4127 Dauid;
3003 4040 3199 4107 bene-

591 4142 799 4207 dictus
845 4144 951 4224 qui
1014 4144 1196 4207 uenit
1239 4146 1303 4208 in
1351 4142 1604 4207 nomine
1646 4144 1919 4221 domini;
1969 4163 2245 4210 ossanna
2290 4147 2354 4210 in
2388 4147 2736 4212 altissimis.
2790 4148 2887 4214 10.
2936 4146 3024 4211 Et
3054 4165 3199 4211 cum

596 4248 901 4312 intrasset
946 4247 1413 4330 Hierosolyma,
1462 4253 1773 4313 commota
1805 4247 1904 4314 est
1934 4252 2240 4315 uniuersa
2271 4251 2500 4316 ciuitas
2534 4252 2853 4323 dicentes:
2906 4254 3003 4316 11.
3040 4248 3199 4326 Quis

589 4356 690 4421 est
733 4352 885 4417 hic?
952 4352 1145 4416 Multi
1190 4354 1402 4417 autem
1452 4353 1782 4418 dixerunt:
1848 4355 1969 4419 Hic
2030 4361 2128 4420 est
2176 4357 2369 4421 Jesus
2415 4359 2727 4440 propheta
2769 4376 2807 4420 a
2852 4356 3197 4437 Nazareth,

590 4454 936 4538 Galilaeae.
1005 4460 1104 4523 12.
1169 4458 1256 4522 Et
1301 4458 1566 4522 intrauit
1626 4457 1822 4524 Jesus
1868 4461 1932 4523 in
1980 4463 2285 4542 templum
2352 4465 2416 4526 et
2461 4463 2732 4527 eiciebat
2779 4481 2995 4528 omnes
3039 4482 3197 4526 uen-

590 4562 815 4627 dentes
862 4567 926 4627 et
983 4569 1264 4627 ementes
1312 4561 1374 4627 in
1408 4564 1737 4643 templum,
1773 4570 1836 4630 et
1865 4583 2120 4631 mensas
2153 4567 2713 4632 nummulariorum
2762 4573 2828 4633 et
2859 4567 3200 4632 cathedras

597 4666 1011 4733 uendentium
1060 4667 1383 4733 columbas
1433 4668 1686 4748 euertit,
1738 4669 1837 4736 13.
1888 4676 1954 4736 et
2000 4671 2162 4734 dixit
2208 4671 2371 4747 illis:
2422 4671 2740 4754 Scriptum
2791 4678 2922 4739 est:
2972 4673 3200 4738 domus

595 4790 736 4861 mea
783 4773 1006 4838 domus
1067 4771 1378 4838 orationis
1442 4773 1796 4859 uocabitur,
1863 4794 1976 4839 uos
2037 4779 2247 4842 autem
2311 4776 2559 4844 fecistis
2622 4796 2761 4841 eam
2824 4778 3198 4860 speluncam
