3484 5617
572 562 697 628 138
1362 557 1728 626 Euangelium
1766 557 2072 613 secundum
2111 516 2379 615 Marcum.
2981 565 3037 619 C,
3075 573 3152 620 12.

556 775 688 849 tuo,
714 780 779 837 et
822 789 902 835 ex
953 775 1091 834 tota
1135 771 1345 834 anima
1391 776 1524 853 tua,
1572 777 1637 835 et
1683 790 1760 835 ex
1807 773 1958 836 totis
2006 772 2254 837 uiribus
2303 773 2452 852 tuiS,
2499 780 2565 838 et
2608 793 2686 838 ex
2734 780 2872 840 tota
2919 777 3154 845 uirtute

556 883 682 939 tua.
733 874 873 939 Hoc
919 879 1019 940 est
1064 875 1336 954 primum
1409 876 1798 939 mandatum.
1869 878 1975 940 31.
2049 874 2410 940 Secundum
2474 879 2683 942 simile
2730 878 2857 942 illi:
2932 878 3156 960 diliges

560 980 913 1060 proximum
960 984 1142 1041 tuum
1190 979 1360 1042 sicut
1402 986 1468 1041 te
1516 980 1741 1059 ipsum.
1822 979 2034 1043 Maius
2083 988 2296 1044 autem
2343 980 2571 1047 horum
2617 981 2988 1047 mandatum
3035 1001 3155 1046 non

559 1090 676 1147 est.
727 1083 830 1147 32.
877 1081 964 1145 Et
988 1084 1081 1147 ait
1122 1081 1219 1146 illi
1266 1084 1509 1147 scriba:
1560 1084 1721 1147 bene
1770 1084 2010 1158 dixisti,
2063 1084 2387 1166 magister,
2460 1086 2522 1149 in
2572 1085 2935 1163 ueritatem,
2991 1087 3156 1165 quod

564 1207 728 1252 unus
766 1187 953 1282 deus,
1022 1205 1139 1251 nec
1187 1192 1286 1251 est
1330 1187 1495 1251 alius
1562 1195 1822 1268 praeter
1885 1187 2081 1265 illum,
2152 1190 2255 1254 33.
2314 1189 2407 1253 ita
2467 1189 2830 1271 diligendus
2900 1209 2980 1254 ex
3024 1195 3157 1254 toto

561 1293 755 1355 corde
801 1304 866 1354 et
913 1309 992 1354 ex
1036 1292 1192 1354 totis
1266 1290 1532 1373 uiribus,
1581 1310 1661 1355 ex
1705 1301 1771 1355 et
1840 1297 1974 1356 tota
2034 1293 2263 1374 anima,
2334 1299 2399 1356 et
2469 1292 2736 1373 diligere
2803 1293 3156 1373 proximum

561 1405 881 1477 tamquam
931 1414 1000 1460 se
1049 1396 1276 1474 ipsum,
1350 1393 1469 1458 lioc
1516 1397 1718 1459 maius
1766 1401 1866 1459 est
1911 1395 2204 1460 omnibus
2268 1414 2456 1477 quam
2504 1396 3053 1463 holocaustomata
3095 1406 3159 1462 et

562 1498 897 1564 sacrificia.
946 1499 1048 1564 34.
1099 1498 1345 1563 Uidens
1392 1505 1605 1564 autem
1651 1498 1866 1581 JesuS,
1919 1501 2088 1580 quod
2135 1501 2464 1581 sapienter
2492 1499 2949 1581 respondisset,
3000 1502 3157 1566 dixit

559 1606 692 1670 illi:
743 1622 866 1668 non
914 1622 982 1668 es
1031 1605 1216 1685 longe
1264 1621 1302 1666 a
1346 1622 1544 1683 reguo
1594 1605 1714 1668 dei.
1766 1604 1852 1667 Et
1884 1621 2067 1667 nemo
2099 1605 2229 1668 iam
2262 1604 2541 1670 audebat
2584 1623 2728 1671 eum
2763 1607 3157 1685 interrogare

564 1711 916 1792 quicquam.
967 1710 1074 1774 35.
1121 1710 1208 1773 Et
1252 1709 1648 1788 respondens
1692 1709 1887 1773 Jesus
1932 1708 2169 1773 docens
2215 1709 2281 1772 in
2325 1709 2564 1791 templo
2597 1710 2790 1774 dixit:
2839 1711 3152 1791 quomodo

558 1818 779 1881 dicunt
824 1815 1073 1880 scribae
1121 1812 1447 1877 Christum
1495 1830 1640 1878 esse
1683 1812 1884 1878 filium
1934 1813 2194 1877 Dauid?
2264 1816 2368 1879 36.
2418 1814 2566 1895 Ipse
2613 1814 2782 1878 enim
2829 1814 3042 1879 Dauid
3089 1815 3150 1878 in

556 1923 787 2001 spiritu
851 1925 1070 1985 sancto
1135 1921 1323 1984 dicit:
1398 1920 1575 1983 Dixit
1642 1919 1937 1983 dominus
2002 1920 2252 1984 domino
2316 1936 2492 1984 meo:
2564 1918 2715 1982 sede
2785 1919 2865 1983 ad
2914 1919 3153 1984 dextris

552 2026 733 2104 meiS,
806 2027 1009 2091 donec
1076 2044 1307 2107 ponam
1380 2024 1668 2089 inimicos
1711 2031 1858 2088 tuos
1928 2017 2259 2088 scabillum
2310 2025 2539 2105 pedum
2585 2029 2861 2087 tuorum.
2931 2025 3041 2087 31.
3088 2021 3150 2087 Si

557 2150 709 2211 ergo
759 2129 968 2194 Dauid
1017 2129 1174 2194 dicit
1221 2150 1365 2193 eum
1411 2127 1759 2211 dominum,
1831 2129 2147 2209 quomodo
2216 2126 2385 2193 filius
2445 2132 2584 2192 eius
2631 2127 2776 2192 est?
2843 2131 2909 2190 et
2957 2128 3155 2190 multa

555 2236 747 2300 turba
789 2235 1059 2299 liuenter
1105 2252 1248 2297 eum
1297 2233 1662 2297 audiebant.
1710 2235 1814 2298 38.
1865 2232 1964 2296 Ad
2012 2231 2120 2295 ille
2169 2232 2405 2297 docens
2438 2232 2694 2296 dicebat
2726 2232 2853 2296 eis:
2903 2229 3137 2295 Uidete

555 2340 635 2404 ab
679 2340 907 2404 scribis
954 2340 1062 2420 qui
1113 2338 1337 2403 uolunt
1381 2337 1708 2403 ambulare
1756 2338 1817 2401 in
1867 2336 2052 2400 stolis
2098 2341 2166 2400 et
2213 2335 2634 2402 salutationes
2696 2336 2762 2400 iu
2807 2334 2971 2415 foro,
3041 2338 3142 2400 39.

554 2450 619 2508 et
664 2444 727 2510 in
774 2443 998 2526 primis
1060 2441 1382 2508 cathedris
1443 2444 1667 2507 sedere
1729 2443 1793 2505 in
1856 2442 2198 2522 synagogis
2261 2448 2328 2504 et
2395 2442 2632 2522 primos
2679 2440 3042 2504 discubitus
3087 2439 3149 2504 in

555 2548 890 2624 conuiuiis,
933 2550 1035 2614 40.
1085 2549 1192 2628 qui
1228 2548 1539 2611 deuoraut
1568 2564 1800 2627 panem
1835 2546 2175 2611 uiduarum
2207 2554 2274 2609 et
2304 2545 2696 2626 pupillorum
2729 2540 2848 2607 sub
2878 2552 3149 2624 optentu

555 2653 840 2734 prolixae
885 2652 1222 2731 orationis;
1293 2669 1510 2715 omnes
1543 2650 1650 2714 isti
1696 2650 2014 2732 accipient
2082 2649 2388 2732 prolixius
2434 2650 2756 2714 iudicium.
2802 2652 2907 2714 41.
2956 2648 2998 2713 J
3009 2667 3152 2714 esus

545 2763 756 2822 autem
803 2757 1034 2821 sedens
1060 2762 1280 2821 contra
1326 2754 1792 2837 gaiofylacium,
1827 2754 2204 2837 aspiciebat,
2239 2759 2519 2835 quantae
2551 2755 2779 2819 turbae
2812 2753 3142 2818 iactabant

549 2881 657 2926 aes
705 2862 767 2924 in
812 2859 1259 2943 gaiofylacium
1293 2867 1358 2924 et
1390 2859 1572 2923 multi
1604 2859 1846 2923 diuites
1882 2859 2207 2923 iactabant
2240 2859 2459 2924 multa.
2507 2861 2615 2922 42.
2668 2855 2826 2922 Cum
2860 2859 3152 2922 uenisset

552 2972 766 3031 autem
814 2984 941 3031 una
990 2966 1205 3040 uidua,
1252 2965 1427 3029 misit
1471 2982 1628 3028 aera
1673 2964 1919 3029 minuta
1966 2964 2112 3040 diio,
2160 2962 2329 3044 quod
2377 2967 2478 3027 est
2523 2962 2882 3042 quadrans;
2927 2964 3038 3025 43.
3089 2968 3151 3025 et

551 3088 910 3135 conuocans
958 3070 1307 3151 discipulos
1355 3088 1525 3145 suoS‚
1574 3070 1665 3133 ait
1712 3069 1876 3133 illis:
1928 3069 2126 3132 Amen
2177 3067 2321 3131 dico
2370 3067 2569 3146 uobiS,
2598 3067 2895 3146 quoniam
2946 3067 3146 3131 uidua

550 3195 754 3258 egena
796 3177 956 3239 haec
1001 3175 1147 3256 plus
1191 3175 1484 3239 omnibus
1529 3174 1706 3238 misit
1753 3176 1818 3236 in
1864 3172 2239 3254 gaiofylacio
2288 3189 2550 3253 munus,
2595 3172 2700 3235 44.
2749 3189 2892 3235 nam
2926 3187 3146 3235 omnes

548 3301 625 3347 ex
672 3299 766 3357 eo,
838 3279 1007 3360 quod
1066 3278 1432 3342 abundabat
1498 3278 1647 3358 illis,
1720 3280 2071 3357 miserunt3
2140 3276 2297 3340 haec
2343 3294 2499 3339 uero
2548 3275 2627 3340 de
2677 3274 2965 3357 pecuniis
3014 3276 3145 3339 suis

545 3386 758 3448 omnia
805 3401 969 3463 quae
1017 3382 1260 3465 habuit,
1311 3382 1505 3459 misit,
1555 3382 1619 3445 id
1667 3388 1767 3448 est
1816 3400 2070 3445 omnem
2116 3384 2356 3445 uictum
2407 3399 2616 3446 suum.

758 3588 960 3657 xlll.
1016 3595 1069 3656 l.
1102 3590 1191 3656 Et
1225 3609 1364 3655 cum
1398 3589 1810 3670 egrederetur
1841 3590 1921 3654 de
1953 3588 2209 3671 templo,
2239 3590 2334 3654 ait
2365 3589 2458 3654 illi
2498 3608 2661 3654 unus
2691 3609 2769 3653 ex
2802 3589 3142 3672 discipulis

547 3700 717 3764 eius:
784 3697 1112 3780 Magister,
1177 3696 1397 3777 aspice
1458 3695 1676 3777 quales
1749 3694 1995 3777 lapides
2042 3703 2110 3759 et
2153 3694 2362 3775 qualis
2407 3699 2739 3759 structura
2781 3693 3025 3775 templi.
3077 3695 3133 3759 2.

545 3803 633 3867 Et
677 3804 1089 3884 respondens,
1139 3801 1232 3865 ait
1280 3800 1444 3866 illis:
1515 3819 1719 3866 nonne
1766 3800 2005 3866 uidetis
2050 3800 2260 3864 omnia
2306 3799 2464 3864 haec
2523 3817 2751 3882 magna
2796 3796 3139 3864 aedificia?

544 3927 727 3973 amen
775 3908 916 3972 dico
963 3905 1164 3984 uobiS‚
1228 3906 1378 3987 quia
1426 3923 1547 3969 non
1593 3904 1993 3991 relinquetur
2052 3904 2158 3968 hic
2202 3904 2365 3985 lapis
2411 3923 2605 3986 super
2662 3904 2959 3986 lapidem,
3028 3904 3139 3984 qui

544 4031 670 4077 nou
719 4013 1106 4087 destruatur,
1182 4016 1247 4075 et
1292 4010 1357 4074 in
1406 4011 1622 4076 triduo
1682 4009 1842 4075 aliut
1886 4010 2311 4075 resuscitetur
2375 4012 2512 4076 sine
2558 4009 2871 4075 manibus
2939 4010 3002 4072 3.
3050 4007 3138 4072 Et

541 4136 682 4181 cum
727 4115 983 4181 sederet
1026 4117 1093 4179 in
1137 4124 1415 4180 montem
1483 4114 1729 4180 Oliueti
1790 4120 2009 4179 contra
2054 4114 2380 4195 templum,
2441 4114 2922 4194 interrogabant
2989 4101 3137 4176 eum

540 4239 826 4286 seorsum
875 4221 1102 4285 Petrus
1148 4226 1217 4285 et
1259 4221 1542 4286 Jacobus
1588 4226 1654 4285 et
1698 4219 2027 4284 Johannes
2073 4227 2139 4284 et
2184 4220 2473 4284 Andreas
2521 4220 2845 4284 dicentes:
2916 4221 2979 4284 4.
3030 4219 3136 4282 dic

539 4324 741 4404 nobis,
788 4326 1040 4407 quando
1085 4325 1211 4389 ista
1256 4323 1461 4390 fient?
1507 4331 1574 4390 et
1616 4325 1788 4406 quod
1834 4326 2085 4406 signum
2130 4326 2272 4408 erit,
2340 4343 2482 4389 cum
2528 4323 2685 4389 haec
2728 4325 2939 4388 omnia
2985 4342 3134 4387 con»

533 4431 1057 4496 summabuntur?
1102 4432 1162 4495 5.
1211 4431 1298 4497 Et
1342 4431 1738 4512 respondens
1783 4430 1979 4495 Jesus
2025 4431 2239 4510 coepit
2284 4429 2496 4495 dicere
2535 4429 2699 4494 illis:
2748 4425 3002 4502 Uidete,
3053 4445 3137 4491 ne

531 4537 675 4617 quis
726 4554 837 4601 uos
887 4537 1186 4615 seducat;
1256 4540 1313 4602 6.
1366 4534 1556 4601 Multi
1616 4536 1785 4601 enim
1847 4536 2110 4600 uenient
2172 4535 2238 4599 in
2299 4535 2555 4600 nomine
2614 4552 2755 4598 meo
2803 4532 3126 4596 dicentes:

533 4660 653 4722 ego
701 4639 1018 4725 Christus,
1093 4646 1161 4706 et
1201 4642 1436 4706 multos
1505 4641 1834 4707 seducent.
1915 4639 2073 4706 Cum
2141 4645 2355 4706 autem
2425 4639 2760 4703 audieritis
2831 4637 3002 4702 bella
3065 4640 3134 4699 et

534 4746 870 4827 opiniones
917 4746 1245 4828 bellorum,
1294 4766 1374 4810 ne
1399 4748 1779 4825 timueritis;
1828 4751 2086 4826 oportet
2116 4746 2282 4810 enim
2313 4746 2471 4809 haec
2495 4741 2658 4822 fieri,
2700 4745 2816 4809 sed
2847 4742 3129 4807 nondum

540 4858 641 4917 est
682 4849 844 4918 finis.
915 4853 972 4917 8.
1025 4851 1316 4934 Exurget
1382 4857 1592 4916 autem
1661 4871 1818 4933 gens
1845 4890 1853 4911 .
1881 4858 2102 4917 contra
2145 4858 2417 4934 gentem,
2485 4857 2551 4917 et
2594 4867 2859 4933 regnum
2905 4856 3131 4922 contra
