3484 5617
571 501 656 565 80
1356 493 1716 562 Euangelium
1756 493 2057 547 secundum
2095 493 2397 549 Lucanum.
3028 495 3086 548 C.
3124 504 3170 550 2.

569 709 770 790 prima
816 727 854 772 a
898 707 1194 790 praeside
1240 704 1465 784 Siriae,
1516 704 1784 787 Cyren0,
1855 707 1913 771 3.
1963 709 2028 769 et
2074 704 2248 770 ibant
2296 723 2535 785 omnes,
2600 712 2669 770 ut
2717 705 3172 787 profiterentur

567 812 799 894 singuli
844 812 912 877 in
956 829 1139 877 suam
1189 811 1536 876 ciuitatem.
1627 814 1688 877 4.
1740 810 2051 875 Ascendit
2098 814 2310 875 autem
2374 811 2440 874 et
2500 809 2744 891 Joseph
2793 830 2829 875 a
2876 809 3175 876 Galilaea

567 918 645 981 de
693 916 956 982 ciuitate
1003 914 1326 980 Nazareth
1395 914 1460 978 in
1508 914 1821 980 Judaeam
1896 915 1960 979 in
2008 915 2336 981 ciuitatem
2386 915 2621 994 Dauid,
2692 933 2858 995 quae
2902 920 3175 981 uocatur

568 1021 879 1100 Bethlem,
930 1040 1002 1086 eo
1049 1020 1218 1103 quod
1267 1024 1439 1085 esset
1487 1020 1566 1084 de
1613 1020 1800 1085 domo
1846 1025 1913 1084 et
1957 1021 2165 1101 patria
2239 1020 2465 1098 Dauid,
2537 1021 2593 1086 5.
2644 1024 2717 1083 ut
2762 1017 3174 1100 profiteretur

566 1145 705 1191 cum
754 1124 962 1190 Maria
1007 1144 1204 1191 uxore
1273 1144 1387 1191 sua
1460 1128 1827 1206 pregnante.
1936 1128 1994 1190 6.
2044 1123 2307 1190 Factum
2379 1129 2478 1190 est
2524 1130 2758 1203 autem,
2808 1143 2949 1190 cum
2995 1131 3171 1192 esset

565 1231 673 1310 ibi,
740 1229 987 1313 impleti
1035 1234 1183 1295 sunt
1229 1230 1387 1308 dieS,
1433 1234 1505 1293 ut
1549 1233 1828 1312 pareret.
1895 1229 1952 1295 7.
1999 1229 2085 1294 Et
2129 1229 2383 1311 peperit
2429 1228 2628 1293 filium
2678 1228 3166 1312 primogenitum

567 1341 634 1399 et
679 1335 907 1417 pannis
957 1353 1099 1399 eum
1146 1333 1418 1398 inuoluit
1464 1338 1531 1397 et
1577 1335 1789 1414 posuit
1821 1334 1884 1399 in
1918 1336 2276 1416 praesepiO,
2326 1334 2475 1414 quia
2520 1334 2697 1398 locus
2746 1352 2870 1398 non
2918 1339 3056 1399 erat
3100 1335 3165 1400 in

566 1439 941 1504 diuersorio.
1036 1441 1095 1506 8.
1144 1440 1446 1504 Pastores
1516 1444 1725 1504 autem
1797 1443 1984 1504 erant
2056 1438 2122 1503 in
2196 1439 2305 1504 illa
2374 1439 2635 1519 regione
2707 1437 3047 1522 uigilantes
3100 1444 3168 1505 et

563 1545 994 1610 custodientes
1041 1542 1297 1625 uigilias
1360 1545 1564 1609 noctis
1611 1562 1805 1625 supra
1868 1562 2124 1626 gregem
2174 1562 2378 1609 suum.
2470 1545 2527 1608 9.
2575 1542 2660 1607 Et
2704 1562 2853 1609 ecce
2901 1544 3166 1627 angelus

564 1650 799 1715 domini
848 1650 1029 1715 stetit
1074 1648 1251 1712 iuxta
1297 1648 1459 1727 illos,
1533 1655 1600 1714 et
1646 1648 1906 1713 claritas
1970 1647 2393 1714 circumfulsit
2453 1648 2618 1725 illos,
2684 1655 2750 1713 et
2819 1648 3164 1715 timuerunt

560 1753 790 1818 timore
829 1773 1075 1836 magno.
1136 1756 1227 1818 10.
1276 1753 1363 1818 Et
1394 1753 1557 1818 dixit
1604 1753 1767 1819 illis:
1818 1753 2032 1819 Nolite
2078 1753 2342 1832 timere3
2386 1770 2533 1818 ecce
2578 1753 2747 1817 enim
2794 1754 3163 1835 euangelizo

563 1858 745 1923 uobis
791 1858 1097 1939 gaudium
1143 1876 1460 1940 magnum,
1533 1859 1702 1939 quod
1764 1859 1887 1922 erit
1933 1858 2102 1924 omni
2149 1857 2339 1940 plebi,
2422 1857 2520 1922 10.
2589 1858 2741 1937 quia
2808 1861 2997 1922 natus
3066 1863 3163 1923 est

561 1963 745 2028 uobis
790 1961 980 2027 hodie
1050 1963 1353 2041 saluator,
1424 1964 1530 2044 qui
1608 1968 1706 2028 est
1754 1961 2050 2027 Christus
2123 1963 2413 2027 dominus
2483 1962 2546 2026 in
2615 1963 2881 2029 ciuitate
2931 1963 3143 2028 Dauid.

568 2069 663 2131 12.
715 2067 798 2132 Et
842 2066 1034 2130 huius
1080 2065 1200 2132 hoc
1244 2066 1432 2132 uobis
1480 2067 1729 2148 signum
1777 2067 2125 2132 inuenietis
2172 2066 2480 2133 infantem
2528 2066 2592 2131 iu
2636 2069 2862 2149 pannis
2910 2069 3149 2133 inuolu-

559 2178 692 2235 tum
741 2177 804 2235 et
848 2172 1126 2253 positum
1174 2172 1238 2238 in
1285 2173 1640 2255 praesepio.
1739 2174 1838 2238 13.
1887 2172 1977 2237 Et
2022 2173 2233 2238 subito
2293 2171 2465 2237 facta
2527 2174 2624 2238 est
2668 2173 3014 2239 multitudo
3061 2191 3160 2238 ex-

560 2278 833 2342 cercitus
903 2277 1272 2343 caelestium
1343 2278 1741 2342 laudantium
1813 2277 2000 2343 deum
2071 2282 2137 2342 et
2208 2278 2568 2342 dicentium.
2665 2279 2763 2344 14.
2829 2278 3050 2344 Gloria
3098 2278 3160 2341 in

563 2380 893 2446 altissimis
963 2382 1082 2446 deo
1128 2387 1194 2446 et
1242 2384 1305 2447 in
1354 2390 1523 2447 terra
1595 2402 1716 2464 pax
1785 2382 2145 2448 hominibus
2208 2382 2413 2448 bonae
2461 2385 2834 2448 uoluntatis.
2933 2385 3025 2448 15.
3074 2382 3162 2447 Et

559 2485 795 2551 factum
844 2490 960 2564 est,
1009 2493 1082 2551 ut
1126 2487 1424 2552 discessit
1470 2489 1547 2554 ab
1596 2488 1724 2553 illis
1759 2489 2022 2570 angelus
2068 2490 2133 2552 in
2168 2489 2431 2568 caelum,
2481 2495 2772 2571 pastores
2817 2487 3161 2570 loqueban-

556 2596 664 2656 tur
709 2593 789 2655 ad
835 2592 1107 2656 inuicem
1157 2598 1222 2656 et
1249 2592 1587 2658 dixerunt:
1633 2594 2057 2659 Transeamus
2103 2611 2306 2674 usque
2345 2593 2672 2658 Bethleem
2722 2598 2787 2658 et
2830 2594 3160 2658 uideamus

558 2695 678 2760 hoc
724 2697 1003 2776 uerbum,
1055 2698 1223 2778 quod
1270 2696 1503 2762 factum
1554 2703 1670 2778 est,
1719 2699 1888 2777 quod
1958 2699 2253 2763 dominus
2300 2698 2581 2762 ostendit
2626 2698 2829 2764 nobis
2934 2700 3023 2764 16.
3077 2698 3163 2762 Et

560 2806 872 2866 uenerunt
915 2799 1295 2867 festinantes
1341 2807 1406 2866 et
1451 2802 1833 2866 inuenerunt
1878 2802 2152 2867 Mariam
2199 2809 2263 2870 et
2311 2802 2555 2884 Joseph
2602 2807 2669 2867 et
2714 2801 3018 2869 infantem
3051 2823 3159 2885 po-

559 2906 748 2970 situm
797 2907 860 2970 in
910 2906 1262 2988 praesepio,
1343 2909 1439 2972 17.
1492 2908 1578 2972 Et
1627 2914 2066 2989 cognouerunt
2134 2909 2211 2972 de
2259 2909 2475 2987 uerb0,
2546 2908 2713 2988 quod
2776 2908 3013 2973 dictum
3063 2910 3162 2974 est

557 3011 683 3075 illis
734 3012 812 3075 de
857 3031 1056 3092 puero
1103 3011 1242 3076 hoc.
1302 3013 1400 3078 18.
1449 3011 1535 3076 Et
1583 3031 1821 3092 omnes»,
1891 3015 1997 3095 qui
2048 3013 2400 3091 audierunt,
2450 3013 2666 3077 mirati
2714 3016 2862 3078 sunt
2909 3013 2986 3079 de
3034 3014 3157 3094 his,

559 3134 720 3197 quae
768 3115 939 3180 dicta
989 3119 1174 3179 erant
1218 3135 1254 3180 a
1299 3116 1664 3196 pastoribus
1727 3118 1807 3181 ad
1854 3118 2048 3199 ipsos.
2144 3119 2240 3184 19.
2292 3117 2498 3181 Maria
2544 3123 2753 3181 autem
2819 3119 3159 3184 conserba-

558 3222 666 3284 bat
713 3219 921 3283 omnia
988 3219 1188 3283 uerba
1235 3220 1410 3299 haec,
1476 3221 1813 3285 conferens
1860 3223 1925 3286 in
1974 3224 2164 3286 corde
2234 3240 2373 3288 suo.
2422 3225 2525 3287 20.
2575 3222 2661 3287 Et
2720 3223 2963 3287 reuersi
3010 3228 3161 3289 sunt

556 3329 850 3406 pastores
896 3322 1380 3407 magnificantes
1428 3330 1494 3390 et
1538 3326 1877 3390 laudantes
1927 3375 1939 3386 .
1992 3377 2005 3390 .
2057 3379 2068 3390 .
2144 3327 2205 3391 in
2255 3327 2563 3405 omnibuS,
2612 3346 2776 3408 quae
2822 3328 3161 3395 audierant

558 3435 623 3492 et
669 3428 986 3512 uiderant,
1035 3430 1200 3495 sicut
1249 3430 1420 3495 dicta
1467 3435 1614 3494 sunt
1661 3431 1741 3495 ad
1792 3431 1952 3496 illos.
2049 3434 2149 3496 21.
2200 3431 2286 3496 Et
2329 3437 2669 3512 postquam
2733 3433 3155 3501 consummati

557 3538 706 3600 sunt
730 3533 867 3597 dies
893 3539 1056 3614 oct0,
1082 3539 1152 3599 ut
1185 3533 1765 3613 circumcideretur,
1802 3540 2096 3601 uocatum
2129 3542 2228 3602 est
2258 3555 2486 3601 nomen
2530 3536 2670 3601 eius
2694 3536 2935 3615 Jesum,
2987 3538 3159 3623 quod

557 3642 850 3703 uocatum
919 3642 1022 3703 est
1088 3639 1164 3703 ab
1215 3640 1467 3720 angelo,
1539 3641 1913 3721 priusquam
1981 3641 2046 3704 in
2095 3646 2275 3706 utero
2348 3642 2849 3723 conciperetur.
2903 3693 2914 3705 .
2970 3693 2979 3705 .
3052 3643 3156 3707 22.

557 3748 895 3824 postquam
941 3742 1189 3825 impleti
1235 3751 1386 3809 sunt
1432 3745 1572 3812 dies
1618 3743 2078 3827 purificationis
2126 3745 2262 3811 eius
2297 3746 2644 3811 secundum
2689 3746 2893 3827 legem
2928 3744 3157 3831 Moysi,

556 3848 841 3912 tulerunt
887 3849 1065 3912 illum
1113 3850 1178 3913 in
1250 3848 1675 3929 Hierusalem,
1751 3851 1845 3915 uti
1892 3851 2195 3915 sisterent
2264 3870 2406 3915 eum
2471 3850 2747 3925 domino,
2838 3850 2940 3913 23.
2992 3852 3160 3918 sicut

561 3953 864 4033 scriptum
914 3959 1015 4019 est
1059 3956 1123 4018 in
1172 3954 1312 4037 lege
1360 3955 1628 4021 domini:
1678 3956 1827 4036 quia
1866 3974 2051 4021 omne
2076 3955 2427 4021 masculum
2450 3955 2828 4037 adaperiens
2875 3956 3156 4033 uuluam,

556 4063 843 4122 sanctum
892 4059 1130 4123 domini
1179 4060 1542 4139 uocabitur;
1637 4063 1737 4125 24.
1790 4064 1855 4124 et
1900 4065 1971 4124 ut
2021 4061 2244 4125 darent
2289 4061 2516 4125 ostiam
2590 4061 2936 4124 secundum
2984 4061 3158 4141 quod

558 4163 792 4226 dictum
841 4167 940 4228 est
973 4163 1035 4226 in
1069 4164 1210 4244 lege
1259 4163 1518 4243 domini,
1566 4176 1680 4246 par
1724 4171 2010 4230 turtures
2058 4170 2169 4229 aut
2218 4165 2377 4229 duos
2440 4164 2647 4245 pullos
2694 4164 3155 4233 columbarum.

554 4264 655 4330 25.
703 4266 787 4329 Et
834 4285 983 4331 ecce
1052 4267 1236 4332 homo
1307 4271 1446 4333 erat
1490 4270 1556 4332 in
1601 4268 2029 4347 Hierusalem,
2083 4271 2184 4335 cui
2256 4287 2477 4333 nomen
2552 4273 2689 4333 erat
2751 4268 3042 4352 Symeon,
3090 4276 3160 4336 et

552 4370 739 4435 homo
787 4372 909 4436 iste
954 4372 1161 4438 iustus
1231 4377 1300 4437 et
1345 4374 1683 4439 timoratus
1729 4381 1873 4440 erat
1920 4381 2264 4455 expectans
2310 4372 2810 4439 consolationem
2856 4372 3155 4454 Istrahel,

555 4482 622 4541 et
667 4473 940 4555 spiritus
1011 4482 1270 4542 sanctus
1318 4482 1456 4541 erat
1503 4478 1567 4542 in
1613 4477 1775 4561 ipse.
1871 4481 1972 4546 26.
2023 4479 2425 4560 Responsum
2495 4483 2704 4542 autem
2768 4479 3013 4559 accepit
3073 4478 3158 4547 ab

556 4580 790 4660 spiritu
839 4587 1082 4658 sanct0,
1131 4601 1254 4646 non
1303 4583 1586 4648 uisurum
1636 4589 1924 4663 mortem,
1972 4584 2095 4650 nisi
2144 4585 2325 4665 prius
2373 4582 2626 4647 uideret
2671 4579 2995 4647 Christum
3045 4583 3158 4651 do-

556 4686 814 4750 minum.
865 4689 966 4751 27.
1016 4686 1102 4750 Et
1146 4685 1330 4751 uenit
1375 4687 1438 4751 in
1486 4688 1721 4771 spiritu
1768 4688 1835 4752 in
1872 4689 2130 4769 templo.
2180 4686 2267 4752 Et
2312 4705 2452 4750 cum
2476 4688 2855 4752 inducerent
2883 4705 3161 4766 puerum

555 4788 778 4854 Jesum
831 4796 1127 4871 parentes
1175 4791 1336 4874 eius,
1385 4797 1455 4856 nt
1501 4793 1782 4858 facerent
1828 4793 2174 4858 secundum
2224 4791 2741 4857 consuetudinem
2787 4790 2857 4856 1.
2905 4839 2920 4855 .
2973 4840 2985 4855 .
3035 4810 3159 4872 pro
