3484 5617
293 506 361 565 C.
399 511 482 563 27.
1058 501 1422 577 Euau‘geiiiim
1450 503 1770 562 secundum*
1783 528 1786 544 ³
1799 501 2159 563 Matthaeum.
2814 504 2894 573 4⁴1

297 717 703 799 aedificabas,
749 717 951 782 libera
996 722 1081 801 te,
1143 720 1200 783 si
1247 717 1420 783 filius
1478 719 1579 782 dei
1629 737 1716 791 eS,
1768 721 1833 782 et
1881 717 2195 782 descende
2257 717 2590 781 deci-une.
2654 718 2756 782 41.
2808 717 2902 783 Si-

294 822 542 888 militer
601 821 924 905 principes
962 823 1409 897 sacerdotum,
1488 821 1863 886 deludentes
1928 841 2067 886 cuin
2131 822 2357 887 scribis
2418 826 2482 886 et
2543 819 2904 886 Pharisaeis

296 931 407 993 42.
457 927 787 997 d‘icebant:
837 927 1015 992 Alios
1064 928 1277 993 saluos
1322 925 1495 1005 fecit,
1543 945 1613 992 se
1660 927 1867 1007 ipsum
1910 925 2160 990 saluum
2222 925 2432 991 facere
2478 944 2602 989 non
2650 926 2908 1006 potest?

298 1034 357 1098 si
407 1052 518 1095 rex
562 1033 837 1098 Istrahel
903 1038 1019 1112 est,
1070 1031 1414 1098 descendat
1465 1032 1543 1095 de
1589 1050 1776 1096 cruce
1838 1050 2026 1111 nunc,
2074 1036 2139 1095 et
2185 1031 2500 1095 credimus
2547 1025 2791 1097 ei.·'43.
2843 1031 2907 1097 Si

301 1135 567 1201 confidit
626 1138 691 1201 in
741 1138 879 1221 de0‚
948 1137 1182 1204 liberet
1241 1156 1407 1202 nunc
1467 1135 1630 1215 cum,
1701 1135 1758 1201 si
1825 1136 1970 1200 uult
2030 1154 2208 1211 eum3
2274 1135 2442 1200 dixit
2502 1136 2687 1219 enim,
2758 1137 2905 1216 quia

303 1242 415 1306 deii
458 1239 629 1308 filius
676 1261 833 1308 sum.
880 1244 984 1307 44.
1026 1242 1105 1309 ld
1153 1243 1359 1326 ipsum
1393 1245 1608 1306 autem
1636 1246 1699 1306 et
1725 1241 2028 1317 latrones,
2078 1240 2187 1321 qui
2218 1237 2500 1304 cr..cifixi
2547 1245 2729 1305 erant
2759 1257 2903 1306 cum

304 1366 401 1424 eo,
450 1346 966 1429 improperabant
1012 1348 1091 1412 ei.
1173 1348 1277 1414 45.
1320 1348 1412 1411 Et
1457 1351 1791 1429 postquam
1855 1344 2195 1411 crucifixus
2241 1350 2360 1424 est,
2423 1365 2461 1408 a
2506 1352 2683 1411 sexta
2743 1345 2902 1412 hora

303 1452 609 1516 tenebrae
654 1451 861 1518 factae
909 1459 1059 1519 suut
1093 1451 1292 1533 super
1341 1456 1705 1516 uniuersam
1753 1456 1992 1515 terram
2040 1446 2240 1531 usque
2271 1450 2349 1515 ad
2382 1448 2605 1516 horam
2651 1470 2903 1516 nonam.

301 1556 407 1622 46.
458 1555 641 1620 Circa
684 1556 904 1623 horam
952 1577 1178 1623 nonam
1228 1558 1538 1622 clamauit
1575 1555 1767 1621 Jesus
1819 1574 1973 1622 uoce
2022 1573 2273 1637 magna:
2330 1553 2494 1635 Heli,
2541 1556 2689 1635 heli,
2737 1557 2902 1622 lama

305 1662 597 1742 zaptani!
662 1662 783 1727 hoc
827 1668 969 1728 est:
1018 1663 1179 1727 deus
1231 1680 1427 1740 meuS‚
1493 1662 1650 1725 deus
1712 1679 1913 1744 meus,
1976 1666 2047 1725 ut
2092 1660 2242 1740 quid
2304 1680 2401 1724 me
2449 1657 2903 1744 dereliquisti?

306 1767 411 1831 47.
460 1766 730 1843 Quidam
780 1769 988 1832 autem
1064 1767 1196 1833 illic
1242 1771 1489 1833 stantes
1536 1774 1600 1831 et
1660 1766 1998 1831 audientes
2045 1766 2376 1830 dicebant:
2439 1766 2667 1830 Helian
2717 1774 2906 1832 uocat

284 1870 448 1935 iste.
494 1872 597 1937 48.
659 1871 747 1935 Et
792 1872 1091 1936 continuo
1139 1890 1406 1937 currens
1473 1891 1638 1936 unus
1689 1886 1767 1935 ex
1812 1871 1926 1951 eis,
1974 1875 2237 1952 accepta
2281 1861 2568 1952 spongia,
2615 1869 2909 1952 impleuit

311 1977 491 2039 aceto
539 1980 604 2040 et
667 1974 972 2056 imposuit
1031 1974 1372 2040 harundini
1418 1980 1488 2040 et
1533 1975 1729 2040 dabat
1774 1974 1835 2039 ei
1882 1974 2120 2039 bibere.
2182 1975 2285 2039 49.
2339 1973 2551 2039 Ceteri
2600 1993 2754 2039 uero
2815 1977 2907 2040 di-

310 2086 574 2145 xerunt:
621 2078 771 2147 Sine
818 2081 1166 2157 uideamus,
1215 2081 1272 2146 si
1318 2080 1533 2145 ueniet
1575 2078 1797 2145 Helias
1843 2085 1910 2145 et
1958 2079 2259 2144 liberauit
2306 2079 2497 2143 eum?
2559 2081 2661 2146 50.
2710 2080 2903 2146 Jesus

277 2191 521 2251 autem
567 2187 798 2252 iterum
840 2185 1121 2251 clamans
1169 2204 1328 2251 uoce
1391 2203 1635 2266 magna,
1684 2185 1899 2250 emisit
1945 2184 2257 2265 spiritum.
2322 2185 2423 2250 51.
2472 2183 2557 2249 Et
2602 2203 2751 2250 ecce
2796 2205 2906 2251 ue·

308 2290 437 2355 lum
484 2291 702 2374 templi
765 2291 1032 2356 scissum
1084 2294 1181 2356 est
1217 2290 1282 2354 in
1344 2291 1502 2355 duas
1564 2296 1781 2371 partes
1820 2308 1858 2353 a
1904 2307 2152 2355 summo
2214 2308 2415 2370 usque
2479 2290 2791 2375 deorsum,
2840 2297 2907 2356 et

305 2400 483 2459 terra
530 2401 700 2461 mota
747 2401 845 2462 est
893 2401 957 2461 et
1005 2399 1224 2478 petrae
1270 2393 1462 2459 fissae
1508 2401 1673 2475 sunt,
1736 2397 1842 2461 52.
1892 2400 1956 2460 et
2001 2400 2409 2460 monumenta
2468 2401 2691 2477 aperta
2737 2402 2906 2480 sunt,

305 2505 370 2565 et
416 2499 614 2565 multa
645 2519 914 2583 corpora
960 2505 1324 2566 sanctorum
1361 2499 1805 2565 dormientium
1855 2505 2288 2567 surrexerunt.
2338 2500 2439 2566 53.
2488 2499 2571 2565 Et
2600 2506 2904 2567 exeuntes

305 2605 383 2669 de
429 2606 858 2670 monumentis
908 2611 1053 2688 post
1100 2605 1637 2670 resurrectionem
1686 2605 1909 2687 ipsius,
1962 2611 2279 2670 uenerunt
2338 2605 2402 2669 in
2437 2609 2720 2670 sanctam
2755 2605 2908 2673 ciui·

304 2712 499 2773 tatem
534 2713 598 2775 et
633 2709 848 2774 multis
896 2714 1356 2792 apparuerunt.
1407 2710 1510 2775 54.
1564 2709 1869 2775 Centurio
1917 2715 2129 2774 autem
2157 2714 2220 2774 et
2267 2711 2376 2791 qui
2421 2728 2561 2775 cum
2595 2730 2672 2775 eo
2705 2717 2906 2795 erant,

307 2815 743 2880 custodientes
802 2814 1047 2893 Jesum,
1096 2816 1235 2881 uiso
1299 2819 1656 2880 terremotu.
1702 2819 1768 2880 et
1827 2815 1949 2889 his,
2020 2833 2184 2895 quae
2233 2813 2490 2894 fiebant,
2559 2816 2909 2882 timuerunt

308 2918 498 2983 ualde
545 2919 863 2985 dicentes:
920 2919 1085 2985 Uere
1132 2917 1303 2985 filius
1353 2920 1453 2985 dei
1500 2924 1640 2984 erat
1686 2920 1808 2985 hic.
1874 2921 1976 2986 55.
2009 2917 2232 2985 'Erant
2277 2925 2489 2984 autem
2533 2919 2624 2985 ibi
2671 2921 2907 2986 multae

309 3041 348 3086 a
393 3025 577 3105 longe
623 3025 935 3106 uidenteS,
985 3043 1143 3106 quae
1207 3030 1466 3092 secutae
1515 3030 1697 3090 erant
1742 3024 1962 3089 Jesum
2011 3044 2047 3089 a
2095 3025 2405 3108 Galilaea,
2466 3025 2907 3091 ministrantes

311 3131 389 3208 ei,
437 3130 552 3196 56..
588 3127 756 3194 inter
801 3148 959 3211 quas
1005 3136 1145 3195 erat
1192 3130 1402 3195 Maria
1449 3130 1833 3211 Magdalena
1895 3136 1959 3195 et
2004 3130 2216 3195 Maria
2262 3129 2509 3209 Jacobi,
2557 3134 2622 3195 et
2661 3129 2904 3214 Joseph

312 3240 375 3299 et
421 3239 624 3298 mater
668 3232 955 3300 filiorum.
989 3233 1324 3300 Zebedaei.
1374 3235 1478 3300 57.
1529 3233 1687 3300 Cum
1734 3253 1881 3300 sero
1930 3242 2141 3301 autem
2188 3236 2428 3301 factum
2488 3241 2679 3316 esset,
2730 3237 2906 3301 uenit

310 3339 565 3420 quidam
618 3338 806 3404 homo
855 3338 1036 3404 diues
1082 3338 1161 3403 ab
1223 3339 1562 3415 Arimatia,
1608 3340 1866 3404 nomine
1904 3339 2170 3422 Joseph,
2234 3339 2343 3422 qui
2391 3344 2454 3404 et
2513 3339 2653 3422 ipse
2714 3342 2905 3408 disci-

309 3445 496 3526 pulus
541 3449 684 3509 erat
727 3444 905 3511 Jesu.
970 3446 1074 3511 58.
1123 3445 1245 3509 Hic
1291 3447 1562 3510 accessit
1611 3445 1692 3509 ad
1739 3445 2011 3510 Pilatum
2073 3450 2140 3510 et
2187 3444 2372 3527 petiit
2431 3464 2661 3526 corpus
2722 3445 2898 3513 Jesu.

307 3551 480 3615 Tunc
541 3547 787 3615 Pilatus
849 3551 1055 3614 iussit·
1081 3549 1282 3618 *reddi
1346 3567 1594 3631 corpuS.
1643 3552 1750 3615 59.
1814 3553 1897 3613 Et
1955 3555 2216 3631 accepto
2265 3567 2530 3631 corpore
2593 3549 2749 3617 Jesu
2814 3552 2906 3617 in-

309 3655 516 3720 uoluit
561 3655 722 3719 illud
769 3656 835 3719 in
901 3652 1169 3721 sindone
1215 3655 1469 3720 munda.
1519 3655 1624 3722 60.
1670 3654 1758 3720 Et
1805 3656 2018 3737 posuit
2064 3656 2308 3721 eumin
2356 3651 2758 3721 monumento
2792 3677 2905 3722 suo

312 3779 498 3839 nou0‚
563 3760 735 3841 quod
782 3759 1021 3826 excidit
1084 3760 1392 3843 inpetra,
1443 3765 1508 3825 et
1552 3761 1847 3825 aduoluit
1908 3779 2127 3825 saxum
2189 3778 2483 3843 magnum
2542 3761 2620 3825 ad
2671 3762 2902 3827 ostium

308 3866 703 3930 monumenti
734 3872 801 3930 et
845 3867 1019 3932 abiit.
1055 3868 1158 3932 61.
1206 3867 1367 3931 Erat
1400 3871 1611 3930 autem
1660 3865 1866 3930 Maria
1899 3864 2279 3945 Magdalena
2324 3864 2627 3930 etaltera
2670 3865 2898 3943 Maria,

311 3971 608 4036 sedentes
652 3977 894 4037 vcontra
953 3970 1377 4053 sepulchrum.
1448 3975 1551 4038 61.
1616 3971 1839 4036 Altera
1906 3975 2118 4035 autem
2185 3969 2308 4045 die,
2360 3988 2526 4051 quae
2594 3976 2692 4036 est
2760 3981 2905 4053 post

315 4094 725 4156 parasceuen,
767 4081 1209 4142 conuenerunt
1253 4077 1578 4159 principes
1626 4076 2035 4141 sacerdotum
2080 4078 2146 4140 et
2177 4074 2455 4140 Farisaei
2505 4075 2588 4139 ad
2633 4075 2906 4141 Pilatum

313 4180 632 4246 dicentes:
696 4183 798 4247 63.
851 4183 1140 4262 Domine,
1203 4182 1608 4250 rememorati
1671 4200 1911 4259 sumuS,
1977 4181 2147 4260 quod
2208 4180 2507 4244 seductor
2566 4180 2677 4244 ille
2747 4181 2906 4245 dixit

310 4284 516 4350 adhuc
563 4287 824 4351 uiuens:
874 4287 1029 4352 Post
1072 4288 1334 4352 tertium
1402 4286 1570 4350 diem
1639 4304 1985 4367 resurgam.
2034 4288 2136 4353 64.
2187 4284 2228 4349 J
2235 4303 2357 4350 uue
2405 4304 2554 4367 ergo
2603 4285 2909 4353 custodiri

311 4390 717 4472 sepulchrum
766 4410 970 4473 usque
1017 4392 1078 4455 in
1130 4392 1292 4456 diem
1342 4392 1624 4470 tertium,
1673 4409 1755 4454 ne
1803 4389 1968 4456 forte
2015 4391 2275 4456 ueniant
2322 4390 2618 4472 discipuli
2668 4392 2805 4457 eius
2848 4397 2911 4456 et

312 4495 605 4561 furentur
652 4515 798 4561 eum
846 4503 913 4563 et
959 4498 1175 4562 dicant
1213 4495 1424 4578 plebi:
1473 4495 1769 4561 Surrexit
1817 4514 1854 4560 a
1898 4496 2186 4563 mortuis,
2234 4497 2321 4560 Et
2354 4497 2475 4561 erit
2522 4495 2915 4561 nouissimus

312 4620 490 4667 error
532 4602 714 4684 peior
759 4602 975 4684 priori.
1025 4604 1126 4670 65.
1175 4602 1284 4667 Ait
1328 4600 1458 4666 illis
1502 4599 1781 4665 Pilatus:
1832 4600 2101 4666 Habetis
2152 4601 2470 4679 custodes,
2539 4601 2651 4679 ite,
2699 4605 2911 4666 custo-

311 4707 441 4772 dite
504 4707 673 4773 sicut
732 4708 929 4772 scitis
981 4712 1083 4775 66.
1151 4707 1256 4773 Illi
1320 4712 1528 4771 autem
1594 4711 1821 4769 euntes
1863 4704 2236 4770 munierunt
2295 4703 2720 4787 sepulchrum,
2787 4705 2908 4790 sig·

310 4817 534 4882 nantes
579 4813 856 4900 lapidem
902 4832 1045 4883 cuni
1091 4812 1479 4883 custodibus.
