3484 5617
302 530 356 584 Ο.
397 523 444 584 3.
1098 526 1457 602 Euangelium
1500 530 1800 588 secundum
1837 529 2101 588 Marcum.
2784 538 2905 602 123

307 745 472 808 Ecce
495 751 700 810 mater
750 750 857 809 tua
906 752 972 810 et
1020 745 1251 809 fratres
1297 749 1364 809 et
1409 762 1660 810 sorores
1692 750 1842 810 tuae
1876 744 2033 809 foris
2081 748 2256 809 stant
2302 749 2680 824 qauerentes
2727 746 2901 827 loqui

302 853 532 916 tecum.
589 852 692 916 33.
744 852 841 915 Ad
875 850 1019 915 iller
1055 850 1350 932 espondit
1394 855 1459 915 et
1489 851 1683 915 dixit:
1734 851 1911 929 Quae
1959 855 2058 915 est
2102 853 2306 913 mater
2351 849 2631 915 meaPet
2674 847 2907 915 fratres

297 953 471 1018 mei?
559 954 662 1019 34.
729 955 816 1019 Et
862 954 1385 1036 circumspiciens
1432 972 1566 1036 998,
1614 956 1724 1037 qui
1770 954 1834 1017 in
1882 953 2152 1031 circuitu
2199 953 2525 1032 sedebant,
2573 953 2702 1018 ait:
2755 971 2905 1019 ecce

302 1064 508 1123 mater
551 1065 617 1123 et
660 1059 893 1126 fratres
939 1060 1081 1126 mei.
1141 1061 1243 1125 35.
1294 1058 1419 1138 Qui
1467 1059 1694 1124 fecerit
1737 1059 2135 1124 uoluntatem
2185 1058 2308 1140 dei,
2353 1059 2458 1123 hic
2507 1058 2658 1122 mihi
2704 1057 2908 1123 frater

299 1169 365 1229 et
411 1183 593 1229 soror
638 1170 704 1230 et
747 1170 952 1229 mater
998 1169 1118 1231 est.

508 1373 612 1437 IV.
673 1377 722 1438 l.
774 1374 858 1438 Et
905 1374 1115 1457 coepit
1161 1375 1391 1438 iterum
1441 1374 1668 1439 docere
1714 1374 1797 1438 ad
1846 1392 2064 1452 mare;
2135 1379 2201 1439 et
2246 1377 2629 1456 congregata
2674 1378 2772 1438 est
2816 1374 2897 1450 ad

298 1497 442 1542 eum
489 1479 679 1543 turba
727 1478 947 1559 multa,
998 1480 1089 1543 ita
1135 1485 1206 1544 ut
1252 1480 1317 1544 in
1363 1496 1591 1543 nauem
1637 1478 1994 1544 ascendens
2040 1477 2296 1544 sederet
2340 1480 2420 1543 ad
2468 1478 2640 1553 111118,
2689 1478 2897 1560 adque

298 1581 506 1647 omnis
550 1583 740 1648 turba
787 1583 851 1647 iu
900 1584 1119 1648 littore
1166 1590 1349 1665 erat3
1429 1586 1488 1647 2.
1538 1588 1604 1647 91
1647 1583 1919 1649 docebat
1964 1600 2072 1646 eos
2120 1582 2183 1645 in
2232 1582 2760 1648 similitudinibus
2807 1583 2897 1646 di-

296 1706 478 1753 cens:
533 1690 591 1754 3.
643 1688 876 1765 audite,
941 1707 1090 1752 ecce
1137 1691 1337 1754 exiuit
1387 1688 1736 1754 seminator
1784 1689 2123 1753 seminare.
2170 1689 2231 1752 4.
2278 1687 2365 1752 Et
2412 1706 2552 1752 cum
2600 1687 2893 1767 seminat,

296 1793 458 1857 aliut
504 1793 737 1857 cecidit
783 1794 952 1858 circa
996 1794 1195 1873 uiam,
1245 1798 1310 1858 et
1356 1797 1670 1859 uenerunt
1745 1811 1899 1857 aues
1973 1797 2039 1857 et
2105 1791 2651 1858 manducauerunt
2713 1793 2895 1858 illud.

297 1899 357 1962 5.
410 1897 604 1961 Aliud
652 1899 882 1961 cecidit
928 1916 1120 1979 supra
1167 1904 1444 1980 petrosa,
1523 1904 1587 1962 et
1634 1898 1784 1979 quia
1829 1917 1955 1963 non
2000 1898 2283 1962 habebat
2328 1902 2565 1962 terram
2610 1899 2899 1978 multam,

296 2006 587 2066 exortum
638 2007 753 2080 est,
823 2007 888 2066 et
957 2003 1081 2067 cito
1151 2005 1354 2067 arruit
1400 2003 1478 2066 ab
1526 2008 1730 2078 aestu,
1799 2003 1947 2084 quia
1992 2021 2119 2067 non
2167 2001 2443 2068 habebat
2489 2003 2786 2067 radicem.
2838 2003 2895 2081 7.

299 2106 492 2169 Aliud
566 2106 798 2171 cecidit
866 2125 1058 2188 supra
1105 2108 1342 2188 spinas,
1418 2115 1484 2172 et
1549 2108 1976 2173 ascenderunt
2021 2108 2242 2188 spinae
2287 2117 2354 2171 et
2421 2105 2899 2172 suffooauerunt

298 2229 443 2275 eum
490 2215 556 2273 et
601 2210 877 2274 fructum
926 2230 1047 2274 non
1098 2212 1292 2276 dedit.
1364 2214 1422 2278 8.
1471 2213 1561 2278 Ε1
1607 2213 1768 2277 aliut
1815 2212 2046 2276 cecidit
2090 2213 2155 2275 in
2225 2216 2456 2276 terram
2530 2213 2756 2277 bonam
2829 2217 2894 2276 et

299 2316 408 2379 dat
453 2315 729 2379 fructum
799 2317 1249 2381 ascendentem
1315 2324 1379 2383 et
1424 2318 1883 2382 increscentem
1935 2325 1999 2381 et
2047 2316 2296 2381 adferet
2339 2335 2536 2381 unum
2582 2316 2777 2382 XXX.
2831 2321 2895 2379 et

301 2440 494 2485 unum
539 2421 670 2486 LX.
720 2425 785 2485 et
829 2441 1024 2486 unum
1071 2423 1546 2488 centensimum.
1594 2426 1652 2488 9.
1703 2424 1788 2488 Et
1836 2423 2120 2487 dicebat:
2172 2422 2293 2499 Qui
2342 2421 2535 2486 habet
2566 2441 2750 2487 aures
2783 2440 2896 2486 au·

298 2526 514 2589 diendi
563 2525 818 2604 audiat3
868 2531 934 2589 et
981 2527 1361 2608 intellegens
1410 2527 1761 2610 intellegat.
1837 2527 1936 2591 10.
1987 2525 2073 2589 Et
2120 2545 2262 2590 cum
2308 2530 2482 2590 esset
2535 2526 2893 2607 singulariS,

298 2629 775 2709 interrogabant
814 2629 993 2694 illum
1043 2631 1340 2711 discipuli
1390 2633 1548 2710 eius,
1598 2650 1763 2713 quae
1812 2637 1985 2697 esset
2031 2629 2384 2695 similitudo
2428 2630 2601 2694 ista?
2665 2635 2765 2696 11.
2813 2631 2898 2693 Et

300 2735 390 2797 ait
434 2733 599 2798 illis:
671 2733 873 2798 Uobis
923 2736 1137 2799 datum
1188 2754 1570 2817 cognoscere
1616 2735 1991 2819 mysterium
2040 2736 2220 2815 regni
2266 2734 2397 2812 dei;
2479 2735 2608 2800 illis
2656 2740 2893 2817 autem,

298 2838 406 2920 qui
454 2838 610 2903 foris
658 2844 823 2918 sunt,
870 2839 934 2903 iu
987 2841 1305 2921 parabolis
1354 2841 1607 2919 dicitur,
1658 2844 1727 2904 ut
1773 2841 2071 2904 uidentes
2137 2838 2402 2904 uideant
2447 2844 2513 2903 et
2555 2857 2681 2904 non
2727 2841 2897 2921 aspi-

297 2946 486 3022 ciant,
557 2945 655 3008 12.
706 2951 770 3008 et
814 2944 1149 3009 audientes
1194 2944 1461 3009 audiant
1504 2949 1570 3009 et
1613 2964 1740 3009 non
1788 2944 2198 3026 intellegant:
2248 2945 2582 3025 nequando
2629 2962 2895 3008 conuer-

296 3052 515 3112 tantur
560 3053 626 3111 et
672 3051 1037 3114 remittatur
1084 3049 1232 3114 illis.
1288 3052 1384 3115 13.
1434 3049 1520 3113 Et
1551 3052 1642 3114 ait
1673 3049 1829 3113 illis:
1884 3049 2165 3113 Nescitis
2203 3049 2365 3112 hanc
2395 3048 2893 3125 similitudinem,

298 3157 363 3216 et
408 3152 721 3234 quomodo
769 3172 988 3219 omnes
1035 3155 1486 3219 similitudines
1533 3153 1800 3219 scietis?
1852 3154 1948 3218 14.
1999 3152 2122 3230 Qui
2169 3153 2451 3235 loquitur
2497 3153 2762 3218 uerbum
2795 3172 2889 3218 se-

295 3256 515 3321 minat.
572 3259 668 3323 15.
717 3257 782 3321 hi
829 3263 1045 3324 autem
1093 3264 1241 3324 sunt
1287 3259 1393 3341 qui
1430 3259 1602 3323 iuxta
1650 3259 1818 3323 uiam
1867 3259 2281 3343 seminantur,
2330 3261 2438 3340 qui
2500 3260 2895 3342 negligenter

301 3361 569 3424 uerbum
617 3363 995 3444 suscipiunt,
1046 3369 1112 3428 et
1158 3384 1299 3429 cum
1346 3364 1687 3442 audierint,
1760 3362 2094 3429 confestim
2142 3365 2321 3429 uenit
2363 3367 2622 3429 satanas
2670 3370 2734 3429 et
2779 3364 2893 3429 tol-

302 3465 378 3531 lit
423 3467 708 3547 uerbum,
756 3470 924 3548 quod
974 3471 1354 3536 seminatum
1400 3475 1499 3535 est
1546 3470 1611 3532 in
1661 3469 1850 3533 corde
1896 3469 2171 3535 illorum.
2227 3471 2322 3532 16.
2371 3469 2457 3533 Ε1
2505 3469 2567 3532 111
2606 3474 2754 3534 811111
2786 3469 2893 3549 qui

299 3589 493 3651 supra
587 3577 841 3651 petrosa
930 3576 1227 3639 seminati
1317 3579 1487 3652 sunt,
1577 3575 1684 3656 qui
1763 3593 1904 3638 cum
1982 3575 2301 3639 audierint
2391 3575 2672 3658 uerbum,
2764 3580 2891 3638 sta-

297 3676 408 3738 tim
473 3695 612 3740 cum
659 3679 890 3758 gaudio
940 3679 1267 3760 accipiunt
1315 3679 1492 3744 illud.
1595 3681 1687 3744 17.
1760 3684 1825 3743 et
1892 3698 2028 3749 non,
2081 3676 2321 3742 habent
2367 3679 2430 3742 in
2477 3697 2546 3742 se
2591 3678 2888 3758 radicem,

295 3782 410 3846 sed
456 3783 846 3863 temporanei
896 3789 1062 3864 sunt,
1134 3784 1362 3848 deinde
1410 3790 1551 3849 orta
1617 3782 2028 3849 tribulatione
2075 3788 2187 3847 aut
2232 3782 2695 3865 persecutione,
2765 3787 2893 3846 sta-

296 3886 408 3950 tim
458 3892 719 3968 propter
766 3889 1029 3954 uerbum
1063 3889 1595 3954 scandalizantur.
1648 3890 1746 3954 18.
1798 3888 1881 3952 Et
1928 3887 2033 3952 alii
2083 3888 2190 3968 qui
2234 3888 2299 3951 in
2346 3888 2563 3969 spinas
2595 3886 2891 3950 seminati

299 3996 468 4070 sunt,
518 3991 584 4054 hi
632 3996 798 4076 sunt,
844 3993 957 4075 qui
1002 3993 1267 4059 beruum
1314 3994 1601 4073 audiunt,
1678 3995 1775 4059 19.
1826 3998 1893 4058 et
1939 4012 2055 4074 per
2101 3991 2562 4057 sollicitudines
2609 3992 2784 4055 uitae
2830 3995 2895 4054 et

295 4094 359 4159 in
406 4114 624 4160 errore
674 4098 919 4162 saeculi
966 4095 1151 4163 simul
1199 4104 1444 4177 eunteS,
1521 4097 1833 4163 suffocant
1894 4097 2160 4162 uerbum
2207 4101 2272 4160 et
2318 4098 2457 4161 sine
2499 4095 2713 4160 fructu
2759 4094 2890 4160 effi·
2986 4099 2990 4103 ’

296 4201 568 4265 ciuntur.
619 4202 722 4267 20.
771 4202 858 4265 Et
904 4202 969 4265 hi
1017 4208 1185 4282 sunt,
1235 4204 1340 4284 qui
1390 4222 1583 4286 super
1627 4208 1868 4268 terram
1913 4204 2142 4269 bonam
2191 4202 2488 4266 seminati
2534 4207 2701 4279 811111,
2783 4202 2890 4282 qui

296 4306 565 4370 audiunt
612 4307 878 4371 uerbum
924 4313 991 4373 et
1036 4326 1177 4372 eum
1225 4308 1551 4388 excipiunt
1599 4315 1663 4372 et
1709 4305 2097 4373 fructificant
2143 4326 2335 4371 unum
2368 4305 2568 4371 XXX.
2602 4311 2668 4370 et
2698 4324 2890 4369 unum

294 4409 427 4475 LX.
461 4416 527 4475 et
561 4412 751 4476 alium
786 4414 1262 4479 centensimum.
1314 4416 1415 4478 21.
1465 4413 1738 4479 Dicebat
1786 4419 1996 4478 autem
2048 4412 2191 4477 illis.
2241 4410 2569 4492 Numquid
2608 4410 2896 4474 adfertur

293 4515 578 4597 lucerna,
629 4522 699 4583 ut
744 4518 862 4582 sub
910 4517 1121 4581 modio
1169 4522 1463 4599 ponatur,
1512 4522 1625 4581 aut
1669 4519 1788 4583 sub
1834 4517 2048 4582 lecto?
2140 4516 2251 4581 sed
2300 4521 2370 4580 ut
2418 4533 2611 4598 supra
2661 4514 2887 4580 cande-

292 4621 540 4685 labrum
573 4621 898 4701 ponatur‘?
946 4623 1051 4687 22.
1096 4620 1238 4685 Non
1272 4622 1440 4685 enim
1487 4626 1589 4686 est
1634 4621 2096 4700 absconditum,
2144 4621 2258 4685 sed
2307 4626 2375 4685 ut
2412 4620 2888 4700 manifestetur;

294 4744 407 4789 nec
457 4724 692 4790 factum
740 4732 837 4791 est
884 4729 1222 4804 occultum,
1273 4726 1383 4790 sed
1415 4728 1578 4790 utin
1613 4726 1822 4807 palam
1868 4726 2102 4790 ueniat.
2154 4726 2254 4790 23.
2292 4725 2413 4802 Qui
2463 4724 2656 4789 habet
2704 4743 2888 4789 aures

292 4829 597 4895 audiendi
647 4832 884 4898 audiat.
933 4835 1034 4897 24.
1085 4833 1171 4899 Et
1219 4832 1471 4897 dicebat
1517 4831 1677 4898 illis:
1755 4830 2010 4909 Uidete,
2085 4831 2238 4911 quid
2287 4831 2604 4899 audiatis!
2653 4832 2716 4896 iu
2754 4848 2886 4914 qua
