3484 5617
394 546 452 600 C.
494 552 574 602 10,
1179 545 1541 615 Euangelium
1580 547 1882 601 secundum
1922 546 2188 603 Marcum.
2870 557 2995 621 135

389 763 736 840 coeperunt
784 758 1042 839 indigne
1108 758 1278 823 ferre
1351 760 1426 823 de
1487 755 1730 824 Jacobo
1780 761 1847 823 et
1906 757 2259 838 Johannen,
2323 762 2427 825 42.
2480 781 2639 843 quos
2686 781 2828 828 cum
2875 766 2986 830 ad-

387 866 685 928 uocasset
730 862 942 940 Jesus,
989 863 1079 927 ait
1124 861 1289 927 illis:
1355 863 1536 926 scitis
1583 863 1750 942 quod
1801 863 1884 940 hi,
1933 863 2042 944 qui
2090 864 2393 930 uidentur
2439 868 2789 949 principari
2834 886 2986 948 gen-

386 967 579 1048 tibue,
630 966 1036 1030 dominantur
1083 985 1318 1045 eorum,
1365 972 1433 1030 et
1489 968 1808 1047 principes
1874 986 2090 1032 eorum
2141 974 2523 1049 potestatem
2574 971 2828 1037 illorum
2876 972 2990 1037 ha·

385 1070 555 1133 beni.
603 1071 705 1135 43.
755 1069 894 1134 Non
928 1070 1020 1134 ita
1052 1076 1149 1135 est
1182 1071 1242 1134 in
1280 1071 1484 1148 nobie,
1509 1072 1621 1136 sed
1671 1073 2054 1152 quicumque
2086 1073 2150 1137 in
2188 1074 2370 1138 uobis
2402 1076 2602 1141 maior
2633 1094 2776 1141 esse
2810 1077 2986 1142 uolu-

380 1175 526 1247 erit,
574 1182 790 1239 uester
833 1174 958 1239 erit
999 1176 1311 1253 minister,
1355 1176 1460 1239 44.
1510 1182 1576 1240 et
1619 1176 2001 1257 quicumque
2048 1177 2329 1243 uoluerit
2376 1178 2442 1241 in
2493 1180 2676 1245 uobis
2739 1182 2986 1262 primus

383 1295 545 1354 esse,
593 1279 717 1343 erit
759 1280 1042 1344 omnium
1091 1298 1335 1344 seruuS.
1427 1281 1531 1344 45.
1581 1278 1746 1344 Nam
1814 1287 1878 1344 et
1925 1279 2098 1345 filius
2144 1281 2418 1348 hominis
2482 1302 2605 1348 non
2654 1286 2831 1350 uenit
2875 1287 2986 1350 mi-

383 1382 665 1463 nistrari,
714 1384 825 1448 sed
871 1385 1234 1449 ministrare
1282 1390 1346 1448 et
1393 1385 1547 1449 dare
1595 1385 1867 1449 animam
1916 1403 2092 1449 suam
2146 1387 2645 1469 redemptionem
2678 1409 2791 1471 pro
2825 1392 2985 1455 mul-

381 1487 487 1550 tis,
548 1488 657 1553 46.
721 1488 897 1553 Tunc
959 1490 1137 1553 uenit
1184 1488 1451 1554 Jericho
1499 1496 1564 1553 et
1610 1488 2052 1571 proficiscente
2098 1491 2210 1556 illo
2258 1492 2408 1577 inde
2457 1512 2599 1557 cum
2650 1494 2985 1573 discipulis

380 1594 515 1659 suis
564 1598 631 1657 et
672 1593 947 1674 plurima
992 1594 1420 1671 multitudine,
1469 1592 1638 1658 filius
1706 1594 1964 1659 Timeae
2010 1596 2395 1661 Baritimeas
2442 1615 2669 1663 caecus
2716 1598 2985 1664 sedebat

379 1700 548 1764 circa
594 1699 764 1763 uiam
810 1699 1197 1763 mendicans.
1287 1699 1393 1762 47.
1445 1700 1571 1776 Qui
1616 1718 1757 1763 cum
1822 1700 2108 1763 audisset
2155 1700 2308 1780 quia
2352 1699 2543 1766 Jesus
2609 1700 2981 1769 Nazarenus

379 1809 499 1880 est,
545 1805 757 1885 coepit
803 1802 1075 1867 clamare
1123 1808 1187 1867 et
1235 1803 1485 1867 dicere:
1536 1803 1662 1868 Fili
1708 1804 1922 1869 Dauid
1969 1804 2148 1878 ἄθεα,
2195 1806 2502 1870 miserere
2550 1806 2695 1871 mei.
2741 1809 2844 1873 48.
2895 1807 2982 1873 Et

379 1906 805 1972 minabantur
849 1906 940 1971 illi
973 1906 1156 1972 multi
1203 1913 1275 1971 ut
1320 1913 1583 1972 taceret.
1634 1908 1733 1972 Ad
1781 1907 1892 1972 ille
1940 1909 2139 1973 multo
2189 1910 2388 1990 magis
2436 1910 2785 1976 clamabat:
2856 1911 2980 1977 Fili

383 2012 616 2095 Dauid,
687 2012 992 2076 miserere
1039 2011 1212 2076 mihi.
1305 2013 1410 2076 49.
1458 2012 1545 2076 Et
1592 2018 1778 2077 stans
1822 2011 2019 2078 Jesus
2066 2014 2255 2078 iussit
2302 2015 2480 2078 illum
2530 2016 2762 2080 uocari.
2857 2016 2980 2093 Qui

380 2117 600 2181 dicunt
649 2134 878 2182 caeco:
932 2117 1386 2196 Animaequior
1417 2116 1562 2198 (sic)
1587 2121 1748 2192 esto,
1784 2135 1995 2198 surge,
2021 2123 2208 2182 uocat
2239 2124 2323 2184 te.
2373 2120 2475 2184 50.
2512 2119 2655 2198 Qui,
2692 2120 2976 2200 proiecto

380 2222 765 2287 uestimento
814 2239 949 2304 suo,
998 2221 1264 2286 exiliens
1311 2220 1492 2286 uenit
1536 2222 1617 2286 ad
1664 2239 1829 2286 eum.
1922 2224 2026 2287 51.
2096 2222 2183 2285 Et
2228 2224 2561 2305 respondit
2608 2223 2702 2288 illi
2749 2224 2974 2290 Jesus:

379 2326 545 2403 Quid
593 2327 711 2403 uiS,
758 2330 829 2390 ut
876 2324 1102 2390 faciam
1151 2325 1316 2391 tibi?
1407 2326 1655 2391 Caecus
1727 2331 1940 2390 autem
1988 2327 2150 2390 dixit
2195 2328 2290 2392 ei:
2358 2329 2609 2393 domine
2656 2330 2859 2409 rabbi,
2908 2335 2979 2393 ut

378 2432 647 2495 uideam.
736 2432 839 2495 52.
887 2431 1082 2497 Jesus
1128 2435 1337 2496 autem
1384 2433 1506 2498 ait:
1602 2430 1806 2512 Uade,
1854 2429 2013 2496 fides
2060 2438 2170 2496 tua
2214 2437 2280 2497 te
2328 2433 2578 2497 saluum
2625 2432 2796 2498 fecit.
2890 2434 2976 2497 Et

377 2535 709 2600 confestim
756 2536 923 2601 uidit
969 2543 1035 2600 et
1078 2537 1468 2617 sequebatur
1515 2555 1659 2600 eum
1705 2536 1772 2600 in
1818 2536 2011 2599 uiam.

592 2743 713 2811 xl.
767 2746 821 2808 1.
869 2745 957 2809 Et
1003 2764 1153 2809 cum.
1196 2744 1607 2827 adpropiaret
1653 2743 2098 2826 Hierosolyma
2130 2748 2193 2808 et
2226 2744 2547 2808 Bethania
2580 2745 2665 2809 ad
2695 2749 2971 2811 montem

378 2850 640 2928 Oliueti,
686 2850 863 2915 misit
907 2850 1066 2914 duos
1112 2868 1189 2913 ex
1236 2849 1572 2930 discipulis
1619 2849 1773 2927 suis,
1822 2850 1880 2913 2.
1929 2853 1996 2913 et
2026 2851 2117 2913 ait
2150 2848 2308 2914 illis:
2358 2849 2458 2912 Ite
2504 2850 2568 2912 in
2616 2850 2971 2931 castellum,

375 2957 548 3036 quod
594 2959 696 3020 est
742 2959 958 3018 contra
1003 2971 1138 3033 uoS,
1186 2962 1249 3017 et
1295 2953 1692 3017 introeuntes
1741 2952 1956 3017 statim
2022 2952 2367 3017 inuenietis
2436 2953 2676 3034 pullum
2746 2954 2969 3018 asinae

378 3064 659 3143 ligatum,
709 3077 905 3140 super
950 3076 1135 3138 quem
1184 3076 1366 3122 nemo
1413 3056 1621 3122 adhuc
1646 3057 1968 3122 hominum
2015 3058 2203 3134 sedit,
2251 3058 2482 3123 soluite
2526 3057 2700 3124 illum
2749 3063 2817 3124 et
2859 3061 2967 3124 ad-

372 3165 608 3231 ducite.
683 3168 744 3229 3.
794 3164 881 3227 Et
926 3163 980 3225 si
1031 3163 1170 3241 quis
1217 3163 1402 3227 uobis
1449 3162 1717 3228 dixerit:
1766 3162 1918 3243 quid
1968 3161 2219 3227 soluitis
2269 3161 2532 3243 pullum,
2583 3164 2810 3228 dicite:
2859 3163 2968 3228 do-

368 3273 537 3335 mino
583 3268 988 3334 necessarius
1035 3274 1156 3344 est,
1203 3273 1267 3332 et
1314 3268 1617 3332 continuo
1667 3266 1845 3331 illum
1893 3266 2160 3333 dimittit
2206 3266 2347 3330 huc.
2417 3268 2476 3331 4.
2526 3266 2613 3330 Et
2657 3269 2966 3333 abeuntes

368 3378 753 3441 inuenerunt
799 3373 1038 3456 pullum
1087 3371 1355 3454 ligatum
1404 3377 1552 3438 ante
1602 3374 1827 3438 ianuas
1874 3370 2031 3437 foris
2079 3373 2144 3437 in
2191 3372 2490 3450 transitu,
2516 3376 2583 3436 et
2629 3373 2961 3437 soluerunt

367 3500 531 3546 eum.
621 3480 681 3543 5.
729 3479 816 3542 Et
861 3477 973 3559 qui
1019 3482 1206 3542 erant
1248 3478 1380 3542 illic
1425 3477 1581 3542 foris
1627 3482 1878 3543 stantes
1947 3476 2282 3541 dixerunt:
2347 3476 2502 3556 quid
2561 3475 2772 3541 facitis
2840 3478 2962 3541 sol-

368 3590 596 3649 uentes
644 3582 883 3664 pullum
930 3581 1198 3646 asinae?
1242 3585 1301 3647 6.
1350 3581 1436 3644 Et
1482 3582 1781 3645 dixerunt
1826 3580 1994 3647 sicut
2039 3582 2291 3646 dixerat
2336 3580 2465 3645 illis
2511 3580 2744 3664 Jesus;
2794 3584 2851 3647 7.
2899 3589 2963 3645 et

365 3690 794 3767 permiserunt
839 3685 965 3750 illis
1025 3684 1258 3750 ducere
1324 3685 1566 3766 pullum
1613 3685 1696 3749 ad
1741 3685 1984 3763 Jesum,
2077 3693 2143 3750 et
2212 3688 2543 3766 imponunt
2622 3685 2717 3750 illi
2765 3689 2958 3751 uesti-

365 3796 594 3869 menta,
645 3797 708 3853 et
750 3789 923 3854 sedit
967 3807 1163 3869 super
1207 3809 1371 3854 eum.
1421 3791 1479 3852 8.
1532 3789 1721 3853 Multi
1769 3795 1981 3853 autem
2016 3789 2403 3854 uestimenta
2434 3807 2554 3853 sua
2587 3790 2960 3855 sternebant

364 3897 428 3959 in
454 3897 646 3978 uiam,
677 3894 790 3959 alii
813 3893 1075 3958 frondes
1101 3893 1415 3958 cedebant
1442 3893 1520 3957 de
1569 3894 1904 3958 arboribus
1950 3898 2014 3958 et
2056 3893 2431 3957 sternebant
2475 3893 2540 3958 in
2588 3894 2716 3957 uia.
2764 3893 2823 3956 9.
2870 3894 2960 3958 Et

369 4002 476 4083 qui
500 3998 836 4082 praeibant
861 4004 927 4063 et
951 3997 1059 4080 qui
1089 3999 1538 4079 sequebantur,
1567 3997 1928 4062 clamabant
1953 3996 2255 4062 dicentes:
2309 3999 2406 4062 10.
2430 3997 2822 4062 Benedictus
2846 3998 2954 4078 qui

363 4107 545 4171 uenit
570 4105 635 4168 in
668 4104 922 4168 nomine
956 4102 1232 4180 domini3
1281 4102 1724 4185 Benedictum‚
1776 4101 1945 4182 quod
1992 4103 2169 4166 uenit
2213 4120 2477 4183 regnum
2511 4103 2710 4183 patris
2756 4105 2956 4167 nostri

359 4209 596 4285 Dauid,
634 4208 928 4274 Ossanna
946 4208 1010 4271 in
1029 4206 1376 4272 altissimis.
1407 4210 1439 4271 1
1454 4210 1506 4270 1.
1525 4207 1613 4273 Et
1638 4226 1780 4271 cum
1798 4206 2129 4299 introisset
2152 4203 2678 4291 Hierosolymam
2696 4207 2956 4288 templo,

360 4314 813 4396 circumspexit
858 4313 1093 4391 omnia,
1159 4330 1302 4376 cum
1371 4312 1494 4375 iam
1544 4330 1817 4392 uespera
1862 4317 2034 4375 esset
2099 4311 2270 4389 hora,
2319 4312 2523 4376 exiuit
2594 4313 2657 4374 in
2718 4311 2955 4376 Betha-

356 4423 527 4487 niam
574 4439 716 4484 cum
762 4418 889 4483 XII
922 4416 1259 4496 discipulis
1307 4417 1459 4481 suis.
1499 4418 1599 4480 12.
1646 4416 1737 4480 Et
1780 4416 1908 4480 alia
1937 4415 2060 4490 die,
2108 4435 2250 4481 cum
2283 4416 2523 4480 exisset
2553 4434 2590 4479 a
2618 4414 2953 4494 Bethania,

358 4526 603 4589 esuriit.
700 4527 797 4589 13.
863 4521 1151 4603 Cumque
1211 4522 1482 4586 uidisset
1527 4541 1567 4584 a
1610 4520 1797 4603 longe
1842 4521 2131 4585 arborem
2178 4517 2337 4585 ficus
2381 4520 2720 4585 habentem
2774 4516 2949 4593 folia,

357 4630 537 4691 uenit
584 4628 821 4704 uidere,
899 4628 953 4691 si
1014 4623 1169 4707 quid
1238 4630 1412 4690 esset
1469 4627 1534 4690 in
1580 4643 1761 4703 eain3
1809 4630 1874 4689 et
1919 4624 2078 4689 nibil
2128 4625 2394 4705 inuenit,
2442 4624 2565 4689 nisi
2611 4623 2766 4688 folia
2811 4628 2952 4688 tan-

353 4736 488 4795 tum
557 4731 708 4803 (non
776 4737 915 4796 erat
983 4731 1148 4796 enim
1215 4736 1467 4810 tempus
1535 4727 1813 4806 ficuum).
1897 4732 1988 4795 14.
2062 4731 2183 4807 Qui
2254 4730 2418 4794 dixit
2461 4730 2562 4796 ei:
2633 4728 2778 4794 Jam
2823 4746 2950 4792 non

355 4834 631 4921 amplius
680 4834 745 4897 in
793 4843 1118 4901 aeternum
1166 4834 1497 4916 quisquam
1544 4832 1822 4899 fructum
1890 4852 1969 4899 ex
2015 4843 2079 4899 te
2127 4837 2484 4900 manducet.
2577 4834 2661 4901 Et
2725 4834 2945 4905 audie-
