3484 5617
331 416 390 469 O.
440 421 524 470 13.
1078 411 1449 479 Euangelium
1486 410 1794 465 secundum
1828 409 2190 464 Matthaeum.
2858 418 2935 481 17

331 626 587 692 sederet
630 627 695 688 et
739 641 955 687 omnes
1001 621 1231 686 turbae
1297 622 1556 688 stabant
1601 621 1666 687 in
1712 621 1966 695 littore;
2014 623 2072 691 3.
2127 625 2192 686 et
2238 622 2490 690 locutus
2551 627 2653 688 est
2696 624 2777 689 ad
2825 641 2934 690 eos

329 730 527 794 multa
572 727 638 793 in
687 727 1006 810 parabolis
1054 727 1309 792 dicens:
1359 725 1527 791 Ecce
1559 727 1717 791 exiit
1747 726 2099 792 seminator
2131 727 2445 793 seminare
2471 746 2689 793 semen
2725 746 2930 793 suum.

325 836 385 897 4.
438 833 522 897 Et
567 850 709 897 cum
756 831 1047 910 seminat,
1110 829 1422 912 quaedam
1469 831 1837 896 ceciderunt
1898 847 2085 896 secus
2133 830 2300 896 uiam
2347 836 2416 897 et
2463 835 2781 897 uenerunt
2827 851 2934 898 uo-

331 937 542 1003 lucres
589 936 750 1023 caeli
796 940 863 1001 et
896 935 1310 1000 comederunt
1340 952 1435 999 ea.
1486 935 1544 1001 5.
1583 935 1909 1012 Quaedam
1936 941 2148 1002 autem
2181 937 2547 1002 ceciderunt
2579 938 2645 1003 in
2678 940 2936 1019 petrosa

323 1041 487 1121 loca,
539 1040 645 1107 ubi
692 1059 816 1105 non
865 1038 1188 1105 habebant
1218 1043 1452 1105 terram
1502 1039 1785 1132 multam,
1834 1045 1900 1107 et
1946 1040 2244 1106 continuo
2270 1040 2541 1107 exhorta
2571 1045 2735 1121 sunt,
2787 1042 2933 1123 quia

327 1164 454 1210 non
501 1145 822 1210 habebant
867 1143 1272 1210 altitudinem
1315 1148 1545 1209 terrae.
1596 1145 1657 1209 6.
1707 1140 1856 1209 Sole
1901 1149 2112 1210 autem
2159 1148 2300 1209 orto
2336 1148 2818 1224 aestuauerunt,
2868 1152 2935 1211 et

332 1252 485 1332 quia
529 1268 656 1316 non
717 1248 1039 1314 habebant
1103 1249 1399 1327 radicem,
1466 1253 1794 1315 aruerunt,
1889 1251 1947 1314 7.
1995 1249 2138 1314 Alia
2201 1253 2409 1314 autem
2458 1249 2827 1315 ceciderunt
2869 1250 2933 1314 in

337 1355 565 1436 spiniS,
609 1359 672 1419 et
702 1358 1044 1419 creuerunt
1088 1353 1309 1435 spinae
1356 1357 1422 1417 et
1453 1351 1926 1418 suffocauerunt
1957 1372 2051 1418 ea.
2099 1354 2157 1418 8.
2205 1352 2350 1417 Alia
2382 1371 2536 1420 uero
2569 1354 2936 1419 ceciderunt

328 1460 394 1524 in
422 1463 660 1524 terram
711 1457 937 1525 bonam
962 1463 1027 1523 et
1051 1458 1286 1523 dabant
1321 1456 1633 1523 fructum:
1672 1459 1984 1539 quaedam
2019 1458 2501 1534 centensimum,
2534 1458 2710 1522 aliud
2758 1475 2933 1522 sexa-

327 1564 702 1644 gensimum,
751 1563 912 1627 aliut
957 1582 1112 1627 uero
1135 1563 1590 1628 tricensimum.
1640 1565 1701 1628 9.
1752 1560 1874 1638 Qui
1907 1562 2101 1628 habet
2132 1580 2325 1629 aures
2356 1561 2655 1627 audiendi
2688 1562 2927 1627 audiat.

330 1670 429 1734 10.
479 1668 564 1734 Et
610 1668 986 1733 accedentes
1054 1668 1352 1749 discipuli
1422 1670 1560 1733 eius
1608 1668 1908 1732 dixerunt
1951 1668 2043 1732 ei:
2096 1667 2307 1744 Quare
2352 1667 2416 1731 in
2459 1667 2786 1750 parabolis
2832 1666 2926 1731 lo-

330 1773 542 1854 queris
592 1771 671 1836 ad
718 1772 877 1839 eos?
973 1775 1070 1837 11.
1118 1772 1217 1837 Ad
1263 1772 1402 1853 ipse
1448 1771 1841 1854 respondens
1912 1772 2002 1835 ait
2048 1771 2215 1836 illis:
2265 1769 2434 1847 Quia
2479 1771 2663 1837 uobis
2713 1772 2931 1837 datum

327 1883 429 1944 est
473 1895 659 1943 nosse
706 1878 994 1944 misteria
1057 1879 1271 1960 regni3
1337 1877 1464 1941 illis
1511 1880 1724 1941 autem
1785 1896 1909 1941 non
1958 1881 2056 1942 est
2102 1875 2343 1941 datum.
2439 1878 2539 1941 12.
2592 1872 2712 1950 Qui
2760 1875 2931 1940 enim

328 1981 538 2062 habet,
587 1982 844 2048 dabitur
889 1983 969 2066 ei,
1018 1985 1084 2046 et
1129 1980 1509 2059 abundabit;
1559 1981 1668 2063 qui
1715 1984 1926 2046 autem
1976 1999 2099 2046 non
2142 1980 2357 2060 habet,
2404 1986 2470 2048 et
2504 1981 2673 2062 quod
2706 1980 2928 2061 habet,

326 2086 656 2152 auferetur
703 2087 785 2152 ab
831 2106 925 2153 eo.
1000 2089 1094 2153 13.
1165 2088 1320 2152 Ideo
1389 2087 1455 2150 in
1501 2086 1825 2166 parabolis
1862 2086 2088 2168 loquor
2130 2086 2277 2165 illis,
2317 2090 2385 2152 ut
2448 2085 2743 2150 uidentes
2785 2099 2930 2150 ‘non

329 2193 589 2258 uideant
634 2197 700 2258 et
745 2192 1078 2258 audientes
1147 2192 1411 2257 audiant
1469 2198 1533 2258 et
1594 2210 1719 2256 non
1783 2192 2172 2272 intellegant,
2242 2210 2320 2255 ne
2366 2191 2617 2273 quando
2666 2209 2930 2256 conuer-

323 2301 561 2362 tantur.
661 2299 765 2363 14.
815 2295 897 2361 Et
943 2302 1096 2363 tunc
1158 2293 1249 2363 in'
1289 2296 1415 2363 illis
1462 2316 1666 2362 sermo
1738 2299 2087 2380 prophetae
2134 2296 2443 2362 dicentis:
2491 2295 2672 2362 Uade
2718 2300 2783 2361 et
2830 2296 2931 2361 dic

300 2393 556 2485 &populo
583 2403 764 2467 huic:
800 2422 954 2467 aure
983 2403 1260 2468 audietis
1287 2408 1352 2468 et
1377 2421 1501 2468 non
1529 2402 1936 2483 intellegetis,
1964 2406 2031 2466 et
2054 2401 2351 2467 uidentes
2380 2398 2685 2465 uidebitis
2717 2404 2781 2463 et
2804 2419 2930 2464 non

327 2508 649 2571 uidebitis.
692 2506 788 2572 15.
815 2508 1247 2589 Ingrassatum
1282 2512 1383 2573 est
1415 2508 1580 2571 enim
1614 2526 1724 2573 cor
1754 2507 1975 2589 populi
2005 2506 2192 2572 huius
2225 2511 2290 2573 et
2323 2505 2584 2572 auribus
2609 2504 2743 2570 suis
2787 2523 2930 2586 gra·

328 2612 494 2675 ulter
523 2612 861 2676 audierunt
885 2616 952 2675 et
975 2612 1230 2677 occulos
1256 2630 1410 2676 suos
1434 2611 1891 2693 grauaberuut,
1921 2628 2000 2674 ne
2033 2611 2286 2692 quando
2319 2610 2557 2675 occulis
2583 2609 2843 2675 uideant
2867 2613 2931 2673 et

332 2715 591 2778 auribus
619 2714 883 2778 audiant
908 2719 972 2779 et
999 2717 1189 2780 corde
1207 2715 1582 2796 intellegant
1605 2722 1672 2780 et
1696 2719 2171 2794 conuertantur,
2198 2720 2264 2780 et
2289 2728 2507 2780 sanem
2532 2732 2660 2781 eos.
2679 2714 2927 2778 Incras-

328 2822 532 2884 satum
560 2822 660 2882 est
688 2819 855 2883 enim
888 2837 998 2883 cor
1023 2818 1241 2900 populi
1270 2819 1479 2896 huius,
1501 2824 1564 2883 et
1584 2836 1771 2883 aures
1797 2836 2016 2882 eorum
2040 2818 2319 2898 obstrue,
2346 2824 2411 2884 et
2442 2820 2695 2886 occ-ulos
2712 2836 2928 2884 eorum

327 2942 549 3005 graua,
584 2942 665 2987 ne
700 2924 954 3005 quando
981 2926 1457 3004 conuertantur,
1493 2928 1557 2987 et
1584 2941 1802 2987 sanem
1835 2921 1999 3003 illos,
2034 2922 2188 2988 dicit
2220 2922 2542 2989 dominus:
2578 2925 2673 2990 16.
2708 2921 2928 2990 Uestri

328 3032 539 3093 autem
586 3028 760 3092 beati
809 3027 1034 3106 occuli,
1083 3027 1190 3107 qui
1241 3028 1485 3104 uident,
1536 3030 1602 3092 et
1648 3045 1857 3105 aures,
1905 3028 2015 3108 qui
2061 3028 2347 3093 audiunt.
2400 3032 2500 3094 17.
2549 3029 2751 3093 Amen
2785 3028 2927 3094 dico

326 3133 528 3211 uobis,
578 3133 748 3214 quod
795 3133 978 3196 multi
1040 3132 1394 3216 prophetae
1443 3137 1508 3197 et
1551 3132 1703 3197 iusti
1752 3131 2090 3214 cupierunt
2136 3133 2376 3217 uidere,
2439 3152 2601 3215 quae
2647 3132 2926 3213 uidistiS,

322 3242 387 3302 et
434 3256 554 3301 non
625 3238 950 3317 uiderunt,
1022 3243 1088 3303 et
1157 3224 1405 3322 audire,
1474 3255 1639 3317 quae
1705 3255 1823 3302 uos
1884 3236 2176 3318 audistiS,
2239 3240 2304 3302 et
2371 3256 2494 3301 non
2566 3236 2923 3303 audierunt.

328 3346 427 3408 18.
477 3341 613 3408 Uos
639 3361 790 3424 ergo
818 3343 1037 3407 audite
1061 3342 1428 3424 parabolam
1455 3341 1848 3407 seminantis,
1906 3342 1998 3407 19.
2036 3339 2277 3419 Omnis,
2327 3341 2432 3423 qui
2458 3341 2639 3407 audit
2664 3342 2927 3408 uerbum

327 3447 509 3528 regni
557 3450 620 3513 et
664 3466 789 3512 non
837 3447 1173 3530 intellegit,
1237 3449 1414 3514 uenit
1459 3447 1664 3513 malus
1709 3450 1776 3512 et
1820 3446 2009 3529 rapit,
2071 3446 2237 3527 quod
2284 3446 2664 3512 seminatum
2713 3452 2813 3512 est
2859 3449 2923 3513 in

332 3553 525 3617 corde
571 3551 779 3630 illius3
827 3553 932 3618 hic
979 3556 1096 3632 est,
1168 3554 1278 3635 qui
1327 3570 1514 3617 secus
1562 3553 1732 3617 uiam
1781 3550 2132 3616 seminatus
2178 3557 2297 3617 est.
2389 3553 2492 3618 20.
2541 3551 2665 3630 Qui
2711 3557 2924 3618 autem

325 3663 519 3737 supra
565 3660 819 3736 petrosa
864 3657 1007 3722 loca
1052 3658 1400 3724 seminatus
1446 3662 1566 3736 est,
1633 3658 1740 3722 hic
1788 3661 1904 3736 est,
1974 3657 2083 3738 qui
2129 3657 2393 3722 uerbum
2441 3657 2622 3722 audit
2667 3662 2733 3722 et
2777 3645 2944 3722 con!

327 3761 505 3823 tinuo
554 3778 693 3824 cum
741 3762 972 3841 gaudio
1024 3762 1257 3843 accipit
1301 3762 1475 3826 illud.
1525 3764 1627 3828 21.
1677 3761 1804 3829 Sed
1849 3781 1973 3828 non
2021 3761 2217 3826 habet
2259 3763 2325 3826 in
2359 3780 2429 3827 se
2458 3762 2758 3843 radicem,
2806 3763 2920 3828 sed

322 3867 421 3928 est
441 3864 833 3945 temporalis,
860 3864 1057 3930 Facta
1085 3869 1296 3930 autem
1313 3866 1731 3932 tribulatione
1747 3867 1851 3931 uel
1876 3868 2322 3949 persecutione
2348 3872 2608 3950 propter
2632 3869 2917 3954 uerbum,

326 3968 622 4034 continuo
670 3970 1203 4035 scandalizantur.
1267 3972 1368 4035 22.
1434 3971 1556 4050 Qui
1606 3977 1816 4038 autem
1867 3971 1931 4036 in
1980 3972 2177 4053 spinis
2241 3974 2589 4038 seminatus
2636 3977 2753 4051 est,
2815 3973 2920 4040 hic

320 4078 437 4158 est,
489 4073 598 4156 qui
647 4075 910 4141 uerbum
942 4077 1123 4142 audit
1152 4080 1217 4142 et
1263 4095 1379 4158 per
1409 4077 1901 4142 sollicitudinem
1936 4076 2176 4142 saeculi
2231 4075 2422 4142 huius
2454 4081 2520 4141 et
2552 4077 2919 4160 uoluptates

321 4179 689 4243 diuitiarum
738 4179 1053 4246 suffocant
1097 4181 1365 4246 uerbum
1415 4187 1480 4247 et
1528 4182 1666 4247 sine
1712 4181 1923 4246 fructu
1971 4178 2264 4247 efficitur.
2331 4183 2431 4247 23.
2482 4182 2602 4259 Qui
2651 4201 2804 4248 uero
2850 4182 2915 4248 in

316 4287 557 4348 terram
605 4284 832 4350 bonam
880 4287 1224 4352 seminatus
1273 4291 1392 4366 est,
1453 4286 1558 4351 hic
1591 4289 1708 4364 est,
1767 4287 1875 4369 qui
1924 4287 2105 4351 audit
2153 4286 2415 4352 uerbum
2463 4291 2528 4353 et
2574 4286 2909 4370 intellegit,

317 4392 469 4453 tunc
517 4388 795 4456 fructum
844 4389 1089 4455 adferet
1134 4395 1201 4456 et
1242 4387 1396 4454 facit
1442 4390 1636 4453 alium
1683 4392 1938 4472 quidem
1987 4392 2464 4470 centensimum,
2534 4392 2691 4458 aliut
2737 4409 2914 4458 sexa-

316 4493 643 4575 gesimum,
694 4493 866 4559 aliud
913 4514 1070 4560 uero
1116 4494 1567 4559 tricensimum.
1618 4495 1747 4572 Qui
1793 4494 1989 4561 habet
2034 4515 2221 4563 aures
2266 4497 2500 4562 audiat.
2556 4499 2655 4562 24.
2706 4496 2914 4562 Aliam

319 4599 681 4676 parabolam
731 4600 1071 4680 proposuit
1116 4599 1250 4665 illis
1297 4597 1549 4662 dicens:
1600 4598 1820 4663 Simile
1866 4604 1966 4664 est
2010 4620 2271 4681 regnum
2304 4601 2623 4666 caelorum
2656 4601 2911 4683 homini,

321 4698 431 4779 qui
475 4703 818 4768 seminauit
862 4702 1092 4769 bonum
1141 4720 1353 4769 semen
1403 4702 1468 4768 in
1514 4720 1668 4785 agro
1715 4722 1850 4769 suc.
1928 4705 2029 4769 25.
2082 4704 2241 4769 Cum
2309 4709 2520 4770 autem
2570 4705 2914 4772 dormirent

2568 4846 2598 4896 2
