3484 5617
511 503 594 575 86
1283 500 1645 576 Euangelium
1681 504 1982 562 secundum
2017 505 2315 563 Lucanum.
2958 494 3016 564 (3.
3054 513 3104 562 5.

510 725 732 784 serunt
780 719 955 783 illum
1006 738 1143 784 cum
1217 719 1382 784 lecto
1451 720 1515 783 in
1563 722 1770 784 medio
1818 726 1965 785 ante
2010 721 2249 785 Jesum.
2344 721 2445 785 20.
2495 719 2779 796 Quorum
2825 724 2898 784 ut
2939 721 3109 784 uidit

509 821 716 903 fidem,
766 823 925 889 dixit
969 823 1241 889 homini:
1291 823 1581 889 Remissa
1627 829 1777 889 sunt
1824 825 1941 889 tibi
1986 831 2252 905 peccata
2295 829 2424 888 tua.
2476 825 2576 888 21.
2625 824 2712 888 Et
2760 828 3105 905 coeperunt

509 931 788 1010 cogitare
832 928 1078 994 scribae
1124 935 1189 993 et
1234 929 1559 993 Pharisaei
1605 929 1669 993 iu
1717 931 2015 994 cordibus
2063 932 2198 994 suis
2245 929 2566 993 dicentes:
2618 928 2775 1004 Quis
2816 933 2914 993 est
2976 929 3102 1011 hic,

508 1035 616 1114 qui
646 1034 929 1114 loquitur
958 1033 1436 1116 blasphemias?
1461 1035 1605 1115 quis
1638 1038 1851 1116 potest
1882 1035 2203 1098 dimittere
2233 1037 2498 1116 peccata
2533 1033 2651 1096 nisi
2686 1033 2861 1097 solus
2894 1034 3052 1097 deus
3074 1033 3105 1096 ⁴?

508 1138 609 1201 22.
659 1138 749 1202 Ut
796 1138 1093 1220 cognouit
1135 1146 1346 1203 autem
1372 1138 1564 1203 Jesus
1612 1139 2035 1220 cogitationes
2079 1155 2322 1215 eorum,
2370 1135 2531 1201 dixit
2576 1137 2657 1200 ad
2704 1137 2884 1202 illos:
2936 1137 3103 1213 Quid

508 1242 804 1323 cogitatis
852 1242 913 1306 in
962 1243 1259 1308 cordibus
1328 1242 1611 1307 uestris?
1674 1243 1775 1308 23.
1826 1242 1992 1319 Quid
2056 1247 2156 1306 est
2215 1241 2466 1307 facilius
2527 1242 2773 1306 dicere:
2843 1243 3103 1306 dimissa

508 1351 655 1410 sunt
679 1345 796 1411 tibi
847 1352 1127 1426 peccata,
1175 1353 1287 1412 aut
1330 1348 1570 1411 dicere:
1625 1366 1814 1427 surge
1859 1353 1925 1412 et
1972 1346 2270 1411 ambula?
2317 1349 2418 1411 24.
2466 1345 2556 1410 Ut
2602 1346 2823 1412 sciatis
2869 1352 3100 1426 autem,

506 1451 658 1530 quia
704 1449 873 1515 filius
918 1452 1191 1517 hominis
1237 1457 1622 1533 potestatem
1695 1451 1887 1517 habet
1932 1469 2127 1532 super
2168 1457 2406 1515 terram
2455 1451 2777 1515 dimittere
2822 1459 3099 1531 peccata,

507 1555 600 1616 ait
645 1554 1036 1636 paralytico:
1088 1557 1203 1621 tibi
1251 1557 1411 1634 dico,
1460 1574 1648 1637 surge
1680 1562 1748 1620 et
1781 1554 1936 1621 tolle
1965 1555 2199 1619 lectum
2234 1566 2413 1619 tuum
2462 1562 2527 1618 et
2558 1556 2722 1619 uade
2755 1556 2817 1618 in
2851 1553 3097 1619 domum

504 1664 697 1723 tuam.
748 1661 846 1724 24.
896 1660 981 1724 Et
1025 1660 1360 1727 confestim
1417 1680 1689 1743 surgens
1755 1679 1966 1725 coram
2013 1661 2164 1740 illis,
2228 1659 2374 1725 tulit
2432 1658 2687 1736 lectum,
2736 1660 2800 1722 in
2848 1678 2966 1740 quo
3013 1661 3101 1724 ia-

505 1763 708 1844 cebat,
757 1768 822 1826 et
867 1764 1027 1829 abiit
1073 1765 1137 1829 in
1187 1769 1440 1829 domum
1488 1785 1668 1830 suam
1712 1763 2125 1847 magnificans
2174 1765 2379 1828 deum.
2445 1766 2547 1829 26.
2596 1763 2683 1826 Et
2728 1767 2947 1842 stupor
2995 1765 3102 1827 ad·

509 1867 880 1946 praeheudit
906 1887 1141 1947 omneS‚
1175 1874 1240 1933 et
1263 1868 1754 1952 magnificabant
1780 1871 1985 1934 deum.
2034 1869 2120 1931 Et
2145 1869 2374 1949 repleti
2424 1872 2571 1931 sunt
2617 1867 2843 1930 timore
2891 1867 3102 1932 dicen-

506 1975 637 2035 tes:
687 1974 837 2052 quia
884 1973 1158 2038 uidimus
1204 1973 1525 2039 mirabilia
1593 1974 1802 2039 hodie.
1897 1975 1999 2038 27.
2070 1973 2157 2036 Et
2203 1977 2348 2052 post
2391 1970 2551 2036 haec
2596 1970 2755 2034 exiit
2798 1970 2995 2036 Jesus
3042 1979 3099 2035 et

506 2076 668 2139 uidit
733 2076 1136 2157 publicanum
1200 2081 1452 2143 nomine
1501 2078 1661 2143 Leui
1723 2081 2050 2142 sedentem
2121 2078 2201 2141 ad
2269 2074 2611 2151 teloneum,
2681 2079 2747 2139 et
2799 2075 2893 2140 ait
2968 2075 3094 2141 illi:

506 2177 791 2260 Sequere
837 2200 953 2246 me.
1004 2185 1104 2248 28.
1154 2182 1237 2247 Et
1281 2184 1522 2249 relictis
1547 2185 1860 2260 omnibuS,
1909 2199 2176 2263 surgens
2223 2185 2479 2246 secutus
2526 2185 2626 2245 est
2670 2198 2833 2245 eum.
2882 2181 2986 2244 29.
3021 2179 3104 2244 Et

504 2285 660 2350 fecit
701 2286 795 2351 ilii
841 2289 1202 2354 conuiuium
1249 2308 1544 2370 magnum
1589 2290 1654 2352 in
1701 2287 1953 2351 domum
1986 2304 2185 2359 suam,
2235 2291 2300 2349 et
2329 2289 2468 2350 erat
2512 2286 2701 2349 turba
2747 2286 2944 2350 multa
2987 2304 3099 2366 pu-

507 2390 894 2455 blicanorum
945 2397 1011 2457 et
1056 2394 1342 2471 aliorum,
1389 2394 1501 2473 qui
1548 2412 1687 2457 cum
1735 2393 1864 2456 illis
1896 2399 2078 2456 erant
2110 2391 2598 2457 discumbentes
2648 2392 2749 2456 30.
2801 2389 2889 2452 Et
2934 2408 3100 2453 mur-

504 2500 920 2560 murauerunt
957 2498 1286 2563 Pharisaei
1333 2503 1400 2562 et
1444 2499 1694 2564 scribae
1759 2516 1979 2560 eorum
2025 2495 2309 2561 dicentes
2373 2497 2452 2560 ad
2514 2493 2863 2576 discipulos
2926 2494 3097 2559 eius:

505 2618 707 2680 quare
753 2620 892 2665 cum
943 2602 1300 2682 publicanis
1347 2612 1413 2668 et
1460 2603 1904 2684 peccatoribus
1949 2602 2294 2666 manducat
2338 2606 2403 2664 et
2449 2600 2664 2665 bibit?
2719 2601 2822 2666 31.
2872 2599 2959 2663 Et
3002 2617 3100 2662 re-

504 2705 822 2785 spondens
867 2706 1058 2772 Jesus
1105 2709 1264 2773 dixit
1307 2709 1388 2773 ad
1437 2708 1606 2772 illos:
1660 2707 1802 2772 Non
1829 2711 2041 2789 egent,
2066 2708 2177 2787 qui
2209 2707 2345 2770 sani
2379 2711 2545 2782 sunt,
2593 2705 2934 2786 medicum,
2984 2703 3095 2768 sed

503 2812 608 2890 qui
655 2812 822 2875 male
867 2813 1123 2879 habent.
1170 2815 1274 2880 32.
1299 2813 1440 2878 Nou
1489 2814 1633 2877 ueni
1661 2831 1892 2876 uocare
1925 2812 2150 2886 iusto&
2199 2811 2312 2875 sed
2357 2815 2727 2890 peccatores
2773 2809 2837 2872 in
2885 2807 3099 2889 paeni-

502 2917 786 2981 tentiam.
834 2921 935 2983 33.
986 2918 1085 2982 Ad
1130 2918 1223 2982 illi
1271 2919 1571 2983 dixerunt
1615 2918 1695 2981 ad
1745 2937 1924 2981 eum:
1989 2916 2200 2993 Quare
2235 2914 2536 2995 discipuli
2582 2913 2895 2978 Johannis
2943 2912 3103 2976 ieiu-

504 3026 657 3084 nant
702 3020 1085 3105 frequenter,
1148 3022 1635 3088 Pharisaeorum
1685 3023 2156 3088 obsecrationes
2202 3020 2463 3097 faciunt,
2511 3020 2609 3082 tui
2655 3023 2869 3081 autem
2914 3017 3103 3081 disci-

505 3124 636 3204 puli
684 3125 880 3189 edunt
940 3134 1006 3191 et
1051 3128 1321 3192 bibunt?
1411 3128 1511 3191 34,
1564 3125 1808 3202 Quibus
1877 3130 2015 3210 ipse
2088 3127 2210 3190 ait:
2282 3123 2606 3203 Numquid
2675 3126 2942 3205 possunt
2985 3118 3102 3185 filii

505 3231 725 3309 sponsi
789 3231 1094 3308 ieiunare,
1159 3231 1442 3312 quandiu
1506 3250 1642 3295 cum
1706 3233 1836 3297 illis
1884 3238 1983 3298 est
2048 3229 2368 3312 sponsus?
2414 3229 2518 3293 35.
2565 3226 2845 3291 Uenient
2890 3230 3100 3290 autem

504 3331 661 3415 dies,
711 3354 849 3397 cum
877 3335 1203 3398 auferetur
1249 3335 1328 3398 ab
1376 3335 1505 3399 illis
1530 3355 1826 3417 sponsus,
1877 3342 1943 3400 et
1973 3332 2523 3401 tuncieiunabunt
2565 3331 2631 3395 in
2680 3330 2809 3396 illis
2855 3331 3100 3395 diebus.

503 3438 607 3502 36.
658 3437 834 3502 Dixit
878 3444 1087 3503 autem
1136 3445 1203 3503 et
1248 3439 1731 3504 similitudinem
1780 3440 1859 3504 ad
1905 3440 2051 3504 illos
2098 3439 2321 3503 talem:
2394 3438 2540 3517 quia
2586 3454 2768 3500 nemo
2815 3435 3101 3499 commis-

505 3559 714 3605 suram
792 3562 828 3607 a
897 3545 1276 3609 uestimento
1346 3563 1511 3609 nouo
1576 3547 1635 3609 in
1685 3546 2070 3610 uestimento
2139 3544 2380 3620 ueteri3
2450 3542 2686 3623 alioqin
2744 3546 2810 3606 et
2868 3558 3101 3604 nouum

507 3650 744 3729 rumpit
791 3668 867 3713 ex
901 3650 1131 3728 ueteri,
1175 3669 1299 3714 non
1351 3651 1651 3714 conuenit
1696 3650 2072 3716 commisura
2109 3668 2147 3713 a
2177 3668 2364 3714 nouo,
2411 3649 2511 3714 37.
2562 3647 2646 3711 Et
2677 3663 2858 3710 nemo
2907 3644 3106 3708 mittit

507 3753 723 3816 uinum
771 3773 1002 3819 nouum
1053 3756 1117 3818 in
1163 3758 1341 3819 utres
1409 3764 1682 3830 uetereS‚
1745 3755 2029 3837 alioquin
2077 3755 2315 3836 rumpit
2361 3754 2574 3817 uinum
2620 3769 2857 3815 nouum
2902 3753 3099 3825 utreS,

503 3860 569 3919 et
611 3857 817 3939 ipsum
865 3858 1250 3939 effundetur,
1299 3865 1365 3924 et
1411 3865 1587 3925 utres
1635 3860 1968 3940 peribunt:
2019 3860 2120 3925 38.
2170 3858 2283 3924 sed
2316 3858 2531 3920 uinum
2565 3874 2796 3921 nouum
2832 3855 2896 3918 in
2924 3855 3102 3917 utres

502 3980 700 4025 nouos
739 3963 1017 4042 mittunt,
1066 3968 1132 4027 et
1177 3966 1430 4045 utrique
1476 3969 1953 4029 conseruantur.

710 4172 835 4242 vl.
887 4179 938 4238 1.
988 4174 1253 4237 Factum
1298 4177 1399 4238 est
1444 4177 1658 4237 autem
1705 4174 1771 4237 in
1818 4172 2100 4253 sabbam,
2150 4192 2291 4237 cum
2317 4171 2623 4237 transiret
2668 4189 2784 4252 per
2822 4172 3095 4251 segete8‚

503 4282 568 4343 et
615 4279 977 4360 coepissent
1021 4277 1316 4360 discipuli
1354 4329 1364 4340 .
1402 4329 1414 4343 .
1451 4329 1466 4344 .
1513 4278 1754 4343 uellere
1800 4280 2008 4360 spicas
2043 4284 2107 4343 et
2139 4277 2618 4352 manducarent,
2671 4274 3097 4339 confricantes

502 4404 580 4447 ea
648 4383 939 4448 manibus
1005 4385 1171 4462 suis;
1243 4389 1303 4449 2.
1350 4384 1545 4463 aliqui
1615 4389 1827 4448 autem
1896 4383 2383 4448 Pharisaeorum
2454 4380 2753 4444 dicebant
2821 4378 2901 4442 ad
2949 4394 3094 4441 eos:

502 4490 651 4570 quid
714 4488 928 4554 facitis
988 4489 1291 4570 sabbatiS,
1354 4489 1522 4572 quod
1584 4508 1708 4553 non
1767 4488 1966 4553 licet?
2036 4491 2093 4554 3.
2143 4488 2228 4550 Et
2297 4484 2691 4568 respondens
2760 4482 2923 4547 dixit
2969 4480 3097 4544 illis

501 4593 728 4659 Jesus:
779 4594 910 4659 Nec
938 4594 1206 4679 legistiS,
1254 4597 1408 4678 quid
1437 4595 1668 4660 fecerit
1698 4594 1930 4669 Dauid,
1978 4612 2119 4657 cum
2166 4592 2440 4657 esuriret
2486 4590 2644 4671 ipse,
2692 4593 2758 4652 et
2803 4588 2912 4668 qui
2957 4604 3098 4650 cum

502 4717 576 4762 eo
622 4700 851 4764 erant?
916 4702 978 4769 4.
1028 4698 1353 4775 Quomodo
1398 4702 1665 4765 intrauit
1712 4700 1776 4763 in
1825 4700 2075 4765 domum
2136 4697 2241 4761 dei
2287 4701 2354 4762 et
2396 4714 2593 4779 panes
2640 4691 3099 4776 propositionis

499 4805 774 4884 sumpsit
817 4810 883 4869 et
927 4806 1334 4871 manducauit
1379 4812 1446 4870 et
1492 4806 1668 4871 dedit
1691 4807 1805 4884 eiS,
1853 4806 1960 4884 qui
1992 4823 2204 4869 secum
2238 4807 2440 4883 erant,
2490 4818 2648 4884 quos
2692 4812 2817 4863 non
2862 4796 3101 4861 licebat
