3484 5617
412 450 495 516 88
1197 442 1559 514 Euangelium
1601 443 1903 500 secundum
1940 444 2241 500 Lucanum.
2868 438 2925 494 C.
2964 442 3015 495 6.

415 656 773 740 prohibere.
821 658 923 722 31.
971 654 1057 718 Et
1101 658 1294 736 prout
1339 655 1536 721 uultis
1582 661 1653 720 ut
1692 655 1935 721 faciant
1964 654 2150 721 uobis
2180 654 2493 729 1101011100,
2541 653 2733 718 facite
2778 653 2907 717 illis
2953 657 3020 717 et

414 781 531 827 uos
576 761 886 826 similiter.
949 761 1053 825 32.
1101 758 1185 823 Et
1250 759 1303 824 si
1352 759 1623 840 diligitis
1668 778 1801 841 000,
1873 760 1981 840 qui
2052 777 2169 826 uos
2237 759 2530 842 diligunt,
2602 778 2768 841 quae
2832 757 3020 821 uobis

414 865 677 949 gratia?
722 884 869 929 nam
918 869 983 929 et
1028 867 1397 945 peccatores
1430 863 1775 946 diligentes
1824 883 1892 930 se
1941 862 2261 946 diligunt?
2307 866 2411 929 33.
2459 864 2547 929 Et
2591 863 2646 928 si
2696 861 3019 928 benefece-

414 971 563 1037 ritis
610 968 731 1049 his,
782 970 888 1049 qui
935 968 1119 1032 uobis
1144 967 1568 1048 benefaciunt,
1616 986 1782 1050 quae
1828 968 2011 1034 uobis
2058 968 2182 1033 erit
2225 969 2471 1049 gratia?
2517 987 2663 1033 nam
2694 972 2760 1033 et
2793 984 3020 1050 pecca-

414 1081 590 1142 tores
636 1073 795 1140 haec
839 1072 1100 1138 faciunt.
1148 1074 1254 1139 34.
1300 1073 1387 1137 Et.
1432 1072 1488 1138 si
1533 1079 1822 1138 mutuum
1872 1071 2184 1137 dederitis
2209 1071 2327 1156 his,
2380 1092 2417 1136 a
2463 1072 2695 1153 quibus
2739 1070 3017 1153 speratis

413 1199 531 1245 uos
579 1178 894 1261 recipere,
941 1196 1105 1259 quae
1152 1178 1360 1260 gratia
1407 1183 1504 1244 est
1548 1177 1778 1243 uobis?
1823 1196 2030 1242 nonne
2062 1182 2129 1243 et
2158 1182 2530 1258 peccatores
2581 1175 3019 1259 peccatoribus

416 1285 750 1352 faenerant
804 1288 869 1348 et
914 1282 1248 1365 repiciant.
1340 1284 1444 1349 35.
1491 1283 1733 1348 Uerum
1802 1287 2015 1347 tamen
2064 1284 2271 1346 amate
2316 1282 2608 1347 inimicos
2654 1286 2909 1346 uestros
2951 1285 3020 1346 et

414 1389 772 1455 benefacite
797 1391 1084 1453 mutuum
1115 1388 1283 1467 date,
1332 1387 1491 1452 nibil
1515 1389 1950 1470 desperantes,
1998 1390 2066 1451 et
2109 1385 2233 1451 erit
2274 1405 2518 1451 merces
2555 1392 2774 1451 uestra
2797 1385 3017 1467 multa,

415 1500 480 1561 et
526 1494 710 1559 eritis
756 1490 874 1558 filii
922 1491 1243 1570 altissimi,
1292 1493 1439 1572 quia
1487 1492 1625 1574 ipse
1671 1493 1986 1572 benignus
2032 1495 2132 1555 est
2178 1509 2371 1573 super
2424 1496 2645 1572 gratos
2689 1497 2755 1555 et
2799 1492 3018 1555 malos.

421 1600 521 1666 36.
571 1598 797 1664 Estote
844 1596 1311 1676 misericordeS,
1358 1597 1526 1661 sicut
1572 1601 1639 1662 et
1686 1601 1868 1678 pater
1930 1601 2150 1661 uester
2196 1597 2561 1662 miseretur.
2652 1598 2756 1662 37.
2805 1596 3021 1661 Nolite

416 1704 724 1782 iudicare,
774 1707 840 1767 et
887 1703 965 1766 de
1012 1702 1195 1767 uobis
1240 1720 1366 1767 non
1413 1701 1838 1780 iudicabitur-3
1886 1702 2086 1766 nolite
2120 1702 2561 1781 condemnare,
2607 1707 2675 1766 et
2719 1719 2844 1765 non
2876 1719 3022 1765 con-

417 1807 900 1890 demnabimini3
947 1807 1251 1872 dimittite
1276 1811 1344 1872 et
1377 1807 1801 1871 dimittemini.
1850 1808 1953 1872 38.
1988 1806 2155 1872 Date
2188 1811 2253 1871 et
2285 1806 2540 1871 dabitur
2584 1807 2796 1872 uobis:
2849 1824 3022 1870 men·

418 1931 629 1977 suram
682 1913 931 1991 bonam,
979 1910 1352 1989 confertam,
1409 1916 1783 1991 conmotam,
1841 1910 2397 1994 supereffluentem
2440 1911 2687 1976 dabunt
2718 1911 2781 1975 in
2814 1908 3021 1976 sinum

419 2024 729 2083 uestrum.
780 2016 1026 2082 Eadem
1070 2036 1448 2094 mensuram,
1496 2036 1621 2099 qua
1665 2017 1930 2093 metitiS,
1975 2019 2276 2082 metietur
2323 2017 2522 2081 uobis.
2603 2017 2705 2081 39.
2756 2016 3025 2081 Dicebat

418 2128 629 2189 autem
676 2123 808 2187 illis
856 2127 922 2187 et
966 2120 1451 2188 similitudinem
1498 2123 1716 2187 istam:
1768 2122 2090 2201 Numquid
2138 2126 2351 2203 potest
2397 2139 2626 2186 caecus
2672 2139 2863 2188 caeco
2910 2121 3026 2185 du-

419 2234 626 2292 catum
672 2227 1034 2308 praebere?
1080 2243 1289 2291 nonne
1338 2226 1522 2289 ambo
1568 2225 1633 2289 in
1681 2225 1938 2290 foueam
1985 2225 2262 2290 cadent?
2348 2227 2453 2291 40.
2507 2225 2645 2290 Non
2690 2231 2791 2291 est
2836 2225 3025 2291 disci-

417 2332 609 2414 pulus
654 2350 847 2412 super
891 2331 1300 2411 magistrum
1381 2328 1708 2412 perfectus
1779 2334 1988 2394 autem
2035 2330 2178 2409 erit,
2257 2336 2328 2396 ut
2374 2333 2459 2395 sit
2505 2332 2673 2396 sicut
2718 2331 3025 2411 magister

417 2438 574 2502 eius.
623 2438 726 2503 41.
778 2432 946 2510 Quid
991 2439 1206 2500 autem
1231 2435 1414 2499 uides
1439 2433 1754 2499 festucam
1783 2435 1846 2498 in
1876 2435 2057 2499 oculo
2103 2433 2321 2500 fratris
2368 2435 2482 2512 tui,
2530 2436 2777 2506 trabem
2808 2442 3026 2500 autem

419 2560 581 2623 quae
628 2543 693 2606 in
740 2540 923 2605 oculo
971 2543 1079 2605 tuo
1124 2546 1243 2622 est,
1292 2558 1416 2604 non
1463 2540 1857 2604 consideras.
1902 2542 2006 2604 42.
2057 2540 2186 2604 Aut
2233 2541 2547 2621 quomodo
2580 2546 2763 2622 potes
2811 2541 3026 2605 dicere

419 2647 606 2713 fratri
651 2650 783 2724 tu0,
833 2646 992 2724 sine,
1063 2646 1287 2710 eiciam
1334 2644 1643 2710 festucam
1691 2645 1774 2709 de
1821 2644 2004 2710 oculo
2050 2649 2181 2718 tuo,
2254 2650 2319 2709 et
2364 2663 2518 2710 ecce
2566 2648 2629 2710 in
2680 2646 2862 2711 oculo
2909 2651 3021 2710 tuo

416 2750 620 2817 trabis
668 2750 1003 2816 subiacet?
1049 2749 1421 2833 Hypocrita,
1466 2751 1601 2814 eice
1647 2750 1923 2831 primum
1969 2750 2215 2814 trabem
2243 2751 2321 2814 de
2352 2749 2537 2815 oculo
2570 2756 2703 2829 tuo,
2752 2756 2817 2816 et
2862 2756 3017 2816 tunc

418 2856 745 2938 respicies»,
774 2859 845 2919 ut
875 2856 1112 2920 educas
1135 2855 1444 2920 festucam
1469 2854 1548 2920 de
1573 2855 2023 2921 oculo'fratris
2063 2855 2186 2918 tui.
2230 2857 2336 2920 43.
2371 2853 2512 2921 Non
2538 2861 2639 2920 est
2671 2906 2683 2919 .
2725 2904 2738 2917 .
2775 2906 2787 2919 .
2836 2855 3029 2919 arbor

418 2962 602 3041 bona,
629 2979 791 3041 quae
834 2958 993 3026 fecit
1034 2958 1281 3025 fructus
1330 2959 1550 3035 1110100,
1596 2979 1805 3040 neque
1834 2961 2067 3024 iterum
2103 2960 2291 3025 arbor
2322 2960 2488 3024 mala
2515 2960 2757 3027 faciens
2781 2959 3027 3025 fructus

417 3066 637 3130 1101100.
684 3066 788 3129 44.
836 3063 1276 3146 Unaquaeque
1303 3067 1494 3130 arbor
1521 3084 1597 3129 ex
1621 3064 1835 3130 fructu
1881 3084 1997 3130 suo
2044 3070 2482 3146 cognoscetur.
2533 3065 2759 3146 Neque
2804 3064 3028 3146 legunt

420 3170 500 3234 de
531 3169 733 3250 spinis
758 3186 941 3247 uuae,
989 3184 1196 3247 neque
1224 3169 1303 3232 de
1330 3169 1491 3233 rubo
1525 3168 1922 3233 uindemiant
1955 3188 2163 3235 uuam.
2218 3170 2320 3236 45.
2357 3170 2574 3234 Bonus
2620 3171 2790 3236 enim
2835 3170 3023 3234 1101110

422 3275 500 3338 de
543 3275 709 3338 bono
754 3273 1103 3337 thensauro
1132 3273 1342 3338 cordis
1389 3274 1490 3337 sui
1537 3272 1780 3356 profert
1836 3273 2096 3350 bonum,
2141 3279 2206 3339 et
2254 3274 2457 3339 malus
2504 3275 2585 3339 de
2632 3275 2798 3339 malo
2844 3273 3024 3339 then·

420 3396 613 3443 sauro
661 3374 944 3459 proferet
989 3376 1172 3440 mala.
1220 3376 1321 3440 Ex
1366 3377 1759 3443 abundantia
1805 3386 1974 3444 enim.
2017 3379 2228 3445 cordis
2274 3397 2344 3444 os
2390 3380 2850 3460 eiusloquitur.
2919 3381 3026 3451 46.

422 3483 589 3561 Quid
639 3486 852 3546 autem
903 3482 1149 3546 uocatis
1194 3499 1294 3546 me
1342 3482 1614 3561 domine,
1679 3484 1953 3568 domine,
2018 3490 2083 3550 et
2142 3503 2267 3549 non
2318 3484 2567 3549 facietis
2616 3503 2780 3566 quae
2829 3484 3028 3550 dico?

420 3590 521 3653 47.
569 3586 811 3667 0111010,
860 3586 970 3668 qui
1016 3584 1200 3651 uenit
1243 3587 1323 3651 ad
1372 3605 1470 3651 me
1517 3594 1582 3653 et
1615 3589 1797 3654 audit
1829 3608 2152 3654 sermones
2196 3607 2371 3655 meos
2418 3587 2535 3653 hos
2582 3594 2648 3654 et
2693 3588 2849 3654 facit
2892 3608 3024 3670 000,

421 3695 752 3759 ostendam
811 3692 992 3757 uobis
1040 3692 1140 3756 cui
1186 3691 1415 3757 similis
1462 3696 1597 3758 est:
1645 3695 1751 3760 48.
1799 3693 2027 3759 01101110
2074 3700 2173 3759 est
2216 3695 2455 3759 homini
2508 3688 2871 3760 aedificanti
2917 3693 3027 3758 do-

422 3817 610 3877 mum,
659 3797 767 3878 qui
814 3796 978 3861 fodit
1021 3798 1086 3860 in
1132 3797 1329 3862 altum
1390 3803 1456 3863 et
1503 3799 1719 3880 posuit
1765 3798 2179 3864 fundamenta
2225 3816 2422 3880 supra
2485 3803 2778 3880 petram;
2843 3799 3025 3862 inun-

423 3904 641 3969 dantia
712 3907 926 3967 autem
985 3901 1174 3985 facta,
1251 3902 1452 3969 allisit
1511 3902 1745 3969 flumen
1814 3905 2025 3968 domui
2086 3905 2202 3986 illi,
2272 3910 2339 3968 et
2406 3923 2535 3969 11011
2594 3905 2811 3986 potuit
2887 3919 3028 3966 eam

420 4026 714 4087 mouere3
781 4006 1048 4072 fundata
1091 4007 1256 4072 enim
1304 4012 1446 4072 erat
1490 4027 1682 4091 super
1736 4014 2004 4090 petram.
2063 4011 2166 4074 49.
2216 4009 2376 4074 Nam
2402 4009 2508 4089 qui
2555 4009 2737 4073 audit
2780 4013 2848 4072 et
2893 4025 3022 4071 non

421 4114 594 4194 facit,
641 4113 871 4178 similis
918 4118 1017 4176 est
1059 4112 1323 4195 homini,
1372 4111 1740 4179 aedificanti
1768 4114 2021 4179 domum
2067 4134 2246 4179 suam
2294 4134 2493 4197 supra
2536 4113 2841 4178 harenam
2889 4113 3027 4177 sine

422 4218 869 4294 fundament03
914 4216 1115 4282 allisit
1158 4214 1393 4282 flumen
1447 4219 1664 4283 domui
1709 4219 1827 4304 illi,
1876 4225 1943 4285 et
1988 4221 2285 4284 continuo
2354 4218 2658 4297 concidit,
2725 4222 2792 4282 et
2858 4216 3030 4283 facta

424 4326 523 4388 est
565 4323 753 4386 ruina
801 4322 1023 4386 domus
1058 4371 1071 4384 .
1107 4372 1120 4387 .
1159 4372 1171 4386 .
1229 4340 1476 4406 magna.

630 4529 798 4599 vn.
855 4535 905 4596 1.
971 4531 1060 4596 Et.
1117 4531 1355 4598 factum
1417 4539 1536 4612 est,
1579 4552 1720 4599 cum
1782 4536 2114 4617 implesset
2176 4536 2389 4601 omnia
2449 4532 2645 4600 uerba
2707 4534 2773 4598 in
2841 4550 3052 4598 aures

421 4636 649 4719 plebis,
696 4638 968 4702 intrauit
990 4636 1387 4705 cafarnaum.
1438 4642 1496 4704 2.
1548 4637 1963 4706 centurionis
1996 4645 2208 4706 autem
2241 4640 2569 4706 cuiusdam
2604 4657 2831 4705 seruus
2862 4637 3029 4702 male

420 4739 666 4807 habens
713 4745 851 4806 erat
909 4744 1279 4820 moriturus,
1346 4744 1455 4826 qui
1519 4744 1614 4809 illi
1660 4752 1799 4810 erat
1844 4746 2226 4828 praetiosus,
2304 4748 2363 4812 3.
2413 4746 2501 4810 Et
2552 4764 2691 4811 cum
2741 4743 3032 4809 audisset

3453 1928 3476 2309 —*··-*-
