<?xml version="1.0" encoding="UTF-8"?>
<!DOCTYPE html PUBLIC "-//W3C//DTD XHTML 1.0 Transitional//EN"
    "http://www.w3.org/TR/xhtml1/DTD/xhtml1-transitional.dtd">
<html xmlns="http://www.w3.org/1999/xhtml" xml:lang="en" lang="en">
 <head>
  <title>
</title>
<meta http-equiv="Content-Type" content="text/html;charset=utf-8" />
  <meta name='ocr-system' content='tesseract 3.04.00' />
  <meta name='ocr-capabilities' content='ocr_page ocr_carea ocr_par ocr_line ocrx_word'/>
</head>
<body>
  <div class='ocr_page' id='page_1' title='image "./codexveronensis01italgoog_0146.png"; bbox 0 0 3484 5617; ppageno 0'>
   <div class='ocr_carea' id='block_1_1' title="bbox 614 498 3183 572">
    <p class='ocr_par' dir='ltr' id='par_1_1' title="bbox 614 498 3183 572">
     <span class='ocr_line' id='line_1_1' title="bbox 614 498 3183 572; baseline -0 -21"><span class='ocrx_word' id='word_1_1' title='bbox 614 506 733 572; x_wconf 74' lang='lat'>128</span> <span class='ocrx_word' id='word_1_2' title='bbox 1418 500 1777 568; x_wconf 82' lang='lat' dir='ltr'>Euangelinm</span> <span class='ocrx_word' id='word_1_3' title='bbox 1818 498 2115 553; x_wconf 88' lang='lat' dir='ltr'>secundum</span> <span class='ocrx_word' id='word_1_4' title='bbox 2154 498 2416 553; x_wconf 78' lang='lat' dir='ltr'>Marcum.</span> <span class='ocrx_word' id='word_1_5' title='bbox 3047 503 3100 557; x_wconf 33' lang='lat' dir='ltr'>C,</span> <span class='ocrx_word' id='word_1_6' title='bbox 3139 516 3183 560; x_wconf 87' lang='lat'>6.</span> 
     </span>
    </p>
   </div>
   <div class='ocr_carea' id='block_1_2' title="bbox 600 710 3197 2360">
    <p class='ocr_par' dir='ltr' id='par_1_2' title="bbox 600 710 3197 2360">
     <span class='ocr_line' id='line_1_2' title="bbox 603 710 3190 794; baseline 0.001 -17"><span class='ocrx_word' id='word_1_7' title='bbox 603 712 779 778; x_wconf 91' lang='lat' dir='ltr'>solus</span> <span class='ocrx_word' id='word_1_8' title='bbox 811 711 876 776; x_wconf 92' lang='lat' dir='ltr'>in</span> <span class='ocrx_word' id='word_1_9' title='bbox 900 716 1071 775; x_wconf 90' lang='lat' dir='ltr'>terra</span> <span class='ocrx_word' id='word_1_10' title='bbox 1138 712 1243 777; x_wconf 78' lang='lat'>48.</span> <span class='ocrx_word' id='word_1_11' title='bbox 1274 711 1360 776; x_wconf 91' lang='lat' dir='ltr'>Et</span> <span class='ocrx_word' id='word_1_12' title='bbox 1392 730 1532 774; x_wconf 91' lang='lat' dir='ltr'>cum</span> <span class='ocrx_word' id='word_1_13' title='bbox 1568 710 1821 774; x_wconf 91' lang='lat' dir='ltr'>uideret</span> <span class='ocrx_word' id='word_1_14' title='bbox 1849 711 1995 775; x_wconf 91' lang='lat' dir='ltr'>illos</span> <span class='ocrx_word' id='word_1_15' title='bbox 2029 711 2415 792; x_wconf 81' lang='lat' dir='ltr'>remigantes</span> <span class='ocrx_word' id='word_1_16' title='bbox 2445 716 2512 775; x_wconf 90' lang='lat' dir='ltr'>et</span> <span class='ocrx_word' id='word_1_17' title='bbox 2543 711 2912 778; x_wconf 81' lang='lat' dir='ltr'>laborantes</span> <span class='ocrx_word' id='word_1_18' title='bbox 2942 714 3190 794; x_wconf 84' lang='lat' dir='ltr'>(uentus</span> 
     </span>
     <span class='ocr_line' id='line_1_3' title="bbox 600 815 3191 896; baseline 0.001 -16"><span class='ocrx_word' id='word_1_19' title='bbox 600 816 975 880; x_wconf 91' lang='lat' dir='ltr'>autemillis</span> <span class='ocrx_word' id='word_1_20' title='bbox 1007 817 1363 880; x_wconf 87' lang='lat' dir='ltr'>contrarius</span> <span class='ocrx_word' id='word_1_21' title='bbox 1410 818 1575 895; x_wconf 85' lang='lat' dir='ltr'>erat)</span> <span class='ocrx_word' id='word_1_22' title='bbox 1620 816 1790 879; x_wconf 89' lang='lat' dir='ltr'>circa</span> <span class='ocrx_word' id='word_1_23' title='bbox 1835 821 2124 896; x_wconf 79' lang='lat' dir='ltr'>quartam</span> <span class='ocrx_word' id='word_1_24' title='bbox 2171 822 2390 880; x_wconf 88' lang='lat' dir='ltr'>autem</span> <span class='ocrx_word' id='word_1_25' title='bbox 2438 815 2722 896; x_wconf 88' lang='lat' dir='ltr'>uigiliam</span> <span class='ocrx_word' id='word_1_26' title='bbox 2768 815 2975 881; x_wconf 86' lang='lat' dir='ltr'>noctis</span> <span class='ocrx_word' id='word_1_27' title='bbox 3020 818 3191 883; x_wconf 90' lang='lat' dir='ltr'>uenit</span> 
     </span>
     <span class='ocr_line' id='line_1_4' title="bbox 601 919 3191 1002; baseline 0 -17"><span class='ocrx_word' id='word_1_28' title='bbox 601 921 934 987; x_wconf 78' lang='lat' dir='ltr'><strong>ambulans</strong></span> <span class='ocrx_word' id='word_1_29' title='bbox 980 939 1176 1002; x_wconf 89' lang='lat' dir='ltr'>supra</span> <span class='ocrx_word' id='word_1_30' title='bbox 1221 939 1395 985; x_wconf 91' lang='lat' dir='ltr'>mare</span> <span class='ocrx_word' id='word_1_31' title='bbox 1441 926 1507 983; x_wconf 91' lang='lat' dir='ltr'>et</span> <span class='ocrx_word' id='word_1_32' title='bbox 1555 919 1812 984; x_wconf 87' lang='lat' dir='ltr'>uolebat</span> <span class='ocrx_word' id='word_1_33' title='bbox 1857 921 2212 1001; x_wconf 88' lang='lat' dir='ltr'>praeterire</span> <span class='ocrx_word' id='word_1_34' title='bbox 2259 938 2389 984; x_wconf 88' lang='lat' dir='ltr'>eos.</span> <span class='ocrx_word' id='word_1_35' title='bbox 2459 922 2562 985; x_wconf 74' lang='lat'>49.</span> <span class='ocrx_word' id='word_1_36' title='bbox 2611 921 2708 984; x_wconf 87' lang='lat' dir='ltr'>Ad</span> <span class='ocrx_word' id='word_1_37' title='bbox 2757 919 2853 984; x_wconf 92' lang='lat' dir='ltr'>illi</span> <span class='ocrx_word' id='word_1_38' title='bbox 2901 925 2973 985; x_wconf 89' lang='lat' dir='ltr'>ut</span> <span class='ocrx_word' id='word_1_39' title='bbox 3016 921 3191 986; x_wconf 91' lang='lat' dir='ltr'>uide·</span> 
     </span>
     <span class='ocr_line' id='line_1_5' title="bbox 602 1021 3190 1105; baseline 0.001 -17"><span class='ocrx_word' id='word_1_40' title='bbox 602 1028 751 1088; x_wconf 90' lang='lat' dir='ltr'>runt</span> <span class='ocrx_word' id='word_1_41' title='bbox 795 1043 938 1089; x_wconf 90' lang='lat' dir='ltr'>eum</span> <span class='ocrx_word' id='word_1_42' title='bbox 986 1024 1411 1088; x_wconf 81' lang='lat' dir='ltr'>ambulantem</span> <span class='ocrx_word' id='word_1_43' title='bbox 1438 1043 1631 1105; x_wconf 85' lang='lat' dir='ltr'>supra</span> <span class='ocrx_word' id='word_1_44' title='bbox 1658 1042 1851 1098; x_wconf 91' lang='lat' dir='ltr'>mare,</span> <span class='ocrx_word' id='word_1_45' title='bbox 1901 1028 2290 1104; x_wconf 72' lang='lat' dir='ltr'>putauerunt</span> <span class='ocrx_word' id='word_1_46' title='bbox 2333 1021 2649 1088; x_wconf 81' lang='lat' dir='ltr'>fantasma</span> <span class='ocrx_word' id='word_1_47' title='bbox 2695 1041 2837 1089; x_wconf 89' lang='lat' dir='ltr'>esse</span> <span class='ocrx_word' id='word_1_48' title='bbox 2881 1030 2949 1089; x_wconf 90' lang='lat' dir='ltr'>et</span> <span class='ocrx_word' id='word_1_49' title='bbox 2993 1027 3190 1091; x_wconf 85' lang='lat' dir='ltr'>excla-</span> 
     </span>
     <span class='ocr_line' id='line_1_6' title="bbox 602 1127 3193 1208; baseline 0.002 -17"><span class='ocrx_word' id='word_1_50' title='bbox 602 1134 942 1192; x_wconf 90' lang='lat' dir='ltr'>mauerunt</span> <span class='ocrx_word' id='word_1_51' title='bbox 1008 1147 1245 1207; x_wconf 82' lang='lat' dir='ltr'>omueS,</span> <span class='ocrx_word' id='word_1_52' title='bbox 1323 1130 1426 1194; x_wconf 85' lang='grc'><strong>50.</strong></span> <span class='ocrx_word' id='word_1_53' title='bbox 1494 1134 1559 1194; x_wconf 89' lang='lat' dir='ltr'>et</span> <span class='ocrx_word' id='word_1_54' title='bbox 1606 1128 1965 1192; x_wconf 90' lang='lat' dir='ltr'>conturbati</span> <span class='ocrx_word' id='word_1_55' title='bbox 2038 1136 2208 1208; x_wconf 80' lang='lat' dir='ltr'>sunt,</span> <span class='ocrx_word' id='word_1_56' title='bbox 2280 1136 2347 1191; x_wconf 87' lang='lat' dir='ltr'>et</span> <span class='ocrx_word' id='word_1_57' title='bbox 2395 1127 2732 1193; x_wconf 80' lang='lat' dir='ltr'>confestim</span> <span class='ocrx_word' id='word_1_58' title='bbox 2801 1129 3055 1195; x_wconf 87' lang='lat' dir='ltr'>locutus</span> <span class='ocrx_word' id='word_1_59' title='bbox 3097 1137 3193 1196; x_wconf 88' lang='lat' dir='ltr'>est</span> 
     </span>
     <span class='ocr_line' id='line_1_7' title="bbox 603 1230 3193 1313; baseline 0.001 -16"><span class='ocrx_word' id='word_1_60' title='bbox 603 1233 730 1297; x_wconf 92' lang='lat' dir='ltr'>illis</span> <span class='ocrx_word' id='word_1_61' title='bbox 757 1234 1007 1297; x_wconf 87' lang='lat' dir='ltr'>dicens:</span> <span class='ocrx_word' id='word_1_62' title='bbox 1058 1232 1444 1298; x_wconf 82' lang='lat' dir='ltr'>Constantes</span> <span class='ocrx_word' id='word_1_63' title='bbox 1487 1237 1713 1310; x_wconf 88' lang='lat' dir='ltr'>estote,</span> <span class='ocrx_word' id='word_1_64' title='bbox 1762 1251 1879 1313; x_wconf 89' lang='lat' dir='ltr'>ego</span> <span class='ocrx_word' id='word_1_65' title='bbox 1912 1251 2070 1310; x_wconf 90' lang='lat' dir='ltr'>sum,</span> <span class='ocrx_word' id='word_1_66' title='bbox 2119 1231 2316 1297; x_wconf 89' lang='lat' dir='ltr'>nolite</span> <span class='ocrx_word' id='word_1_67' title='bbox 2349 1230 2595 1296; x_wconf 89' lang='lat' dir='ltr'>timere.</span> <span class='ocrx_word' id='word_1_68' title='bbox 2644 1234 2750 1298; x_wconf 82' lang='lat'>51.</span> <span class='ocrx_word' id='word_1_69' title='bbox 2799 1234 2884 1298; x_wconf 92' lang='lat' dir='ltr'>Et</span> <span class='ocrx_word' id='word_1_70' title='bbox 2912 1234 3193 1300; x_wconf 77' lang='lat' dir='ltr'>ascendit</span> 
     </span>
     <span class='ocr_line' id='line_1_8' title="bbox 600 1336 3189 1401; baseline 0 -1"><span class='ocrx_word' id='word_1_71' title='bbox 600 1338 681 1400; x_wconf 82' lang='lat' dir='ltr'>ad</span> <span class='ocrx_word' id='word_1_72' title='bbox 729 1356 840 1400; x_wconf 90' lang='lat' dir='ltr'>eos</span> <span class='ocrx_word' id='word_1_73' title='bbox 888 1337 948 1400; x_wconf 90' lang='lat' dir='ltr'>in</span> <span class='ocrx_word' id='word_1_74' title='bbox 997 1336 1351 1401; x_wconf 89' lang='lat' dir='ltr'>nauiculam</span> <span class='ocrx_word' id='word_1_75' title='bbox 1421 1342 1486 1401; x_wconf 91' lang='lat' dir='ltr'>et</span> <span class='ocrx_word' id='word_1_76' title='bbox 1532 1337 1814 1400; x_wconf 88' lang='lat' dir='ltr'>cessauit</span> <span class='ocrx_word' id='word_1_77' title='bbox 1883 1341 2132 1399; x_wconf 89' lang='lat' dir='ltr'>uentus.</span> <span class='ocrx_word' id='word_1_78' title='bbox 2199 1336 2286 1399; x_wconf 87' lang='lat' dir='ltr'>Et</span> <span class='ocrx_word' id='word_1_79' title='bbox 2331 1336 2759 1400; x_wconf 81' lang='lat' dir='ltr'>abundantius</span> <span class='ocrx_word' id='word_1_80' title='bbox 2808 1337 2976 1400; x_wconf 91' lang='lat' dir='ltr'>intra</span> <span class='ocrx_word' id='word_1_81' title='bbox 3022 1354 3091 1400; x_wconf 91' lang='lat' dir='ltr'>se</span> <span class='ocrx_word' id='word_1_82' title='bbox 3133 1344 3189 1401; x_wconf 88' lang='lat' dir='ltr'>et</span> 
     </span>
     <span class='ocr_line' id='line_1_9' title="bbox 603 1439 3193 1521; baseline 0 -17"><span class='ocrx_word' id='word_1_83' title='bbox 603 1442 948 1521; x_wconf 75' lang='lat' dir='ltr'>stupebant</span> <span class='ocrx_word' id='word_1_84' title='bbox 993 1449 1060 1506; x_wconf 91' lang='lat' dir='ltr'>et</span> <span class='ocrx_word' id='word_1_85' title='bbox 1105 1440 1538 1519; x_wconf 77' lang='lat' dir='ltr'>mirabantur:</span> <span class='ocrx_word' id='word_1_86' title='bbox 1601 1443 1702 1508; x_wconf 79' lang='lat'>52.</span> <span class='ocrx_word' id='word_1_87' title='bbox 1752 1459 1876 1505; x_wconf 90' lang='lat' dir='ltr'>non</span> <span class='ocrx_word' id='word_1_88' title='bbox 1923 1439 2092 1504; x_wconf 88' lang='lat' dir='ltr'>enim</span> <span class='ocrx_word' id='word_1_89' title='bbox 2142 1439 2591 1505; x_wconf 88' lang='lat' dir='ltr'>intellexerant</span> <span class='ocrx_word' id='word_1_90' title='bbox 2622 1441 2702 1504; x_wconf 90' lang='lat' dir='ltr'>de</span> <span class='ocrx_word' id='word_1_91' title='bbox 2748 1440 3049 1520; x_wconf 78' lang='lat' dir='ltr'>panibuS,</span> <span class='ocrx_word' id='word_1_92' title='bbox 3095 1460 3193 1505; x_wconf 92' lang='lat' dir='ltr'>cor</span> 
     </span>
     <span class='ocr_line' id='line_1_10' title="bbox 603 1543 3194 1611; baseline 0 -3"><span class='ocrx_word' id='word_1_93' title='bbox 603 1548 814 1609; x_wconf 88' lang='lat' dir='ltr'>autem</span> <span class='ocrx_word' id='word_1_94' title='bbox 863 1543 1114 1608; x_wconf 87' lang='lat' dir='ltr'>illorum</span> <span class='ocrx_word' id='word_1_95' title='bbox 1178 1545 1473 1609; x_wconf 89' lang='lat' dir='ltr'>obtusum</span> <span class='ocrx_word' id='word_1_96' title='bbox 1522 1550 1678 1609; x_wconf 82' lang='lat' dir='ltr'>erat.</span> <span class='ocrx_word' id='word_1_97' title='bbox 1751 1547 1854 1611; x_wconf 82' lang='lat'>53.</span> <span class='ocrx_word' id='word_1_98' title='bbox 1919 1544 2005 1608; x_wconf 91' lang='lat' dir='ltr'>Et</span> <span class='ocrx_word' id='word_1_99' title='bbox 2051 1543 2538 1609; x_wconf 87' lang='lat' dir='ltr'>transfretantes</span> <span class='ocrx_word' id='word_1_100' title='bbox 2584 1543 2733 1609; x_wconf 91' lang='lat' dir='ltr'>inde</span> <span class='ocrx_word' id='word_1_101' title='bbox 2780 1550 3092 1608; x_wconf 89' lang='lat' dir='ltr'>uenerunt</span> <span class='ocrx_word' id='word_1_102' title='bbox 3134 1545 3194 1608; x_wconf 93' lang='lat' dir='ltr'>in</span> 
     </span>
     <span class='ocr_line' id='line_1_11' title="bbox 601 1649 3197 1730; baseline 0.001 -18"><span class='ocrx_word' id='word_1_103' title='bbox 601 1655 836 1713; x_wconf 83' lang='lat' dir='ltr'>terram</span> <span class='ocrx_word' id='word_1_104' title='bbox 883 1649 1237 1714; x_wconf 85' lang='lat' dir='ltr'>Gennesar.</span> <span class='ocrx_word' id='word_1_105' title='bbox 1285 1650 1387 1713; x_wconf 86' lang='grc'><strong>54.</strong></span> <span class='ocrx_word' id='word_1_106' title='bbox 1433 1649 1520 1713; x_wconf 90' lang='lat' dir='ltr'>Et</span> <span class='ocrx_word' id='word_1_107' title='bbox 1565 1666 1706 1712; x_wconf 91' lang='lat' dir='ltr'>cum</span> <span class='ocrx_word' id='word_1_108' title='bbox 1754 1649 2038 1714; x_wconf 83' lang='lat' dir='ltr'>exissent</span> <span class='ocrx_word' id='word_1_109' title='bbox 2083 1649 2160 1714; x_wconf 90' lang='lat' dir='ltr'>de</span> <span class='ocrx_word' id='word_1_110' title='bbox 2209 1649 2374 1724; x_wconf 87' lang='lat' dir='ltr'>naui,</span> <span class='ocrx_word' id='word_1_111' title='bbox 2404 1649 2711 1713; x_wconf 88' lang='lat' dir='ltr'>continuo</span> <span class='ocrx_word' id='word_1_112' title='bbox 2759 1654 3197 1730; x_wconf 86' lang='lat' dir='ltr'>cognouerunt</span> 
     </span>
     <span class='ocr_line' id='line_1_12' title="bbox 600 1752 3190 1834; baseline 0 -17"><span class='ocrx_word' id='word_1_113' title='bbox 600 1753 810 1831; x_wconf 90' lang='lat' dir='ltr'>illum;</span> <span class='ocrx_word' id='word_1_114' title='bbox 880 1752 982 1820; x_wconf 88' lang='grc'>55.</span> <span class='ocrx_word' id='word_1_115' title='bbox 1031 1760 1095 1818; x_wconf 91' lang='lat' dir='ltr'>et</span> <span class='ocrx_word' id='word_1_116' title='bbox 1154 1752 1393 1818; x_wconf 87' lang='lat' dir='ltr'>circum</span> <span class='ocrx_word' id='word_1_117' title='bbox 1459 1761 1792 1819; x_wconf 89' lang='lat' dir='ltr'>currentes</span> <span class='ocrx_word' id='word_1_118' title='bbox 1856 1755 2224 1817; x_wconf 84' lang='lat' dir='ltr'>uniuersam</span> <span class='ocrx_word' id='word_1_119' title='bbox 2288 1752 2596 1818; x_wconf 83' lang='lat' dir='ltr'>confinem</span> <span class='ocrx_word' id='word_1_120' title='bbox 2657 1752 2938 1834; x_wconf 80' lang='lat' dir='ltr'>regionis</span> <span class='ocrx_word' id='word_1_121' title='bbox 3006 1753 3190 1820; x_wconf 80' lang='lat' dir='ltr'>illius,</span> 
     </span>
     <span class='ocr_line' id='line_1_13' title="bbox 601 1856 3197 1939; baseline -0 -18"><span class='ocrx_word' id='word_1_122' title='bbox 601 1863 953 1939; x_wconf 85' lang='lat' dir='ltr'>coeperunt</span> <span class='ocrx_word' id='word_1_123' title='bbox 1018 1859 1082 1922; x_wconf 93' lang='lat' dir='ltr'>in</span> <span class='ocrx_word' id='word_1_124' title='bbox 1129 1857 1442 1939; x_wconf 88' lang='lat' dir='ltr'>grabattis</span> <span class='ocrx_word' id='word_1_125' title='bbox 1506 1857 1758 1923; x_wconf 85' lang='lat' dir='ltr'>adferre</span> <span class='ocrx_word' id='word_1_126' title='bbox 1817 1876 2035 1921; x_wconf 88' lang='lat' dir='ltr'>omnes</span> <span class='ocrx_word' id='word_1_127' title='bbox 2085 1857 2248 1921; x_wconf 87' lang='lat' dir='ltr'>male</span> <span class='ocrx_word' id='word_1_128' title='bbox 2295 1857 2624 1936; x_wconf 89' lang='lat' dir='ltr'>habentes,</span> <span class='ocrx_word' id='word_1_129' title='bbox 2673 1856 3197 1923; x_wconf 84' lang='lat' dir='ltr'>circumferebant</span> 
     </span>
     <span class='ocr_line' id='line_1_14' title="bbox 602 1960 3195 2045; baseline 0 -18"><span class='ocrx_word' id='word_1_130' title='bbox 602 1966 815 2029; x_wconf 92' lang='lat' dir='ltr'>autem</span> <span class='ocrx_word' id='word_1_131' title='bbox 875 1964 1040 2038; x_wconf 89' lang='lat' dir='ltr'>illos,</span> <span class='ocrx_word' id='word_1_132' title='bbox 1108 1964 1488 2045; x_wconf 90' lang='lat' dir='ltr'>ubicumque</span> <span class='ocrx_word' id='word_1_133' title='bbox 1549 1963 1895 2027; x_wconf 90' lang='lat' dir='ltr'>audiebant</span> <span class='ocrx_word' id='word_1_134' title='bbox 1931 1982 2074 2028; x_wconf 92' lang='lat' dir='ltr'>esse</span> <span class='ocrx_word' id='word_1_135' title='bbox 2134 1962 2375 2028; x_wconf 83' lang='lat' dir='ltr'>Jesum.</span> <span class='ocrx_word' id='word_1_136' title='bbox 2439 1963 2541 2027; x_wconf 83' lang='grc'><strong>56.</strong></span> <span class='ocrx_word' id='word_1_137' title='bbox 2605 1960 2694 2025; x_wconf 89' lang='lat' dir='ltr'>Et</span> <span class='ocrx_word' id='word_1_138' title='bbox 2758 1963 3195 2043; x_wconf 87' lang='lat' dir='ltr'>quodcumque</span> 
     </span>
     <span class='ocr_line' id='line_1_15' title="bbox 600 2063 3195 2149; baseline 0 -17"><span class='ocrx_word' id='word_1_139' title='bbox 600 2070 725 2132; x_wconf 90' lang='lat' dir='ltr'>iret</span> <span class='ocrx_word' id='word_1_140' title='bbox 751 2068 812 2132; x_wconf 90' lang='lat' dir='ltr'>in</span> <span class='ocrx_word' id='word_1_141' title='bbox 845 2068 1145 2140; x_wconf 88' lang='lat' dir='ltr'>castellis,</span> <span class='ocrx_word' id='word_1_142' title='bbox 1194 2068 1295 2132; x_wconf 88' lang='lat' dir='ltr'>uel</span> <span class='ocrx_word' id='word_1_143' title='bbox 1328 2066 1519 2148; x_wconf 90' lang='lat' dir='ltr'>uillis,</span> <span class='ocrx_word' id='word_1_144' title='bbox 1546 2067 1646 2132; x_wconf 91' lang='lat' dir='ltr'>uel</span> <span class='ocrx_word' id='word_1_145' title='bbox 1680 2067 2074 2145; x_wconf 88' lang='lat' dir='ltr'>ciuitatibus,</span> <span class='ocrx_word' id='word_1_146' title='bbox 2105 2068 2171 2132; x_wconf 93' lang='lat' dir='ltr'>in</span> <span class='ocrx_word' id='word_1_147' title='bbox 2205 2067 2457 2149; x_wconf 86' lang='lat' dir='ltr'>plateis,</span> <span class='ocrx_word' id='word_1_148' title='bbox 2491 2063 2813 2147; x_wconf 85' lang='lat' dir='ltr'>ponebant</span> <span class='ocrx_word' id='word_1_149' title='bbox 2866 2065 3195 2133; x_wconf 86' lang='lat' dir='ltr'>uniuersos</span> 
     </span>
     <span class='ocr_line' id='line_1_16' title="bbox 603 2170 3194 2255; baseline -0.001 -17"><span class='ocrx_word' id='word_1_150' title='bbox 603 2180 670 2238; x_wconf 89' lang='lat' dir='ltr'>et</span> <span class='ocrx_word' id='word_1_151' title='bbox 701 2170 1001 2254; x_wconf 79' lang='lat' dir='ltr'>infirmoS,</span> <span class='ocrx_word' id='word_1_152' title='bbox 1047 2177 1114 2236; x_wconf 89' lang='lat' dir='ltr'>et</span> <span class='ocrx_word' id='word_1_153' title='bbox 1147 2172 1460 2255; x_wconf 83' lang='lat' dir='ltr'>rogabant</span> <span class='ocrx_word' id='word_1_154' title='bbox 1490 2192 1655 2254; x_wconf 82' lang='lat' dir='ltr'>eum,</span> <span class='ocrx_word' id='word_1_155' title='bbox 1690 2178 1761 2236; x_wconf 91' lang='lat' dir='ltr'>ut</span> <span class='ocrx_word' id='word_1_156' title='bbox 1792 2173 1897 2236; x_wconf 92' lang='lat' dir='ltr'>uel</span> <span class='ocrx_word' id='word_1_157' title='bbox 1929 2170 2240 2236; x_wconf 89' lang='lat' dir='ltr'>fimbriam</span> <span class='ocrx_word' id='word_1_158' title='bbox 2272 2171 2638 2237; x_wconf 89' lang='lat' dir='ltr'>uestimenti</span> <span class='ocrx_word' id='word_1_159' title='bbox 2671 2172 2810 2236; x_wconf 88' lang='lat' dir='ltr'>eius</span> <span class='ocrx_word' id='word_1_160' title='bbox 2842 2176 3194 2252; x_wconf 76' lang='lat' dir='ltr'>tangerent,</span> 
     </span>
     <span class='ocr_line' id='line_1_17' title="bbox 605 2275 2024 2360; baseline -0.001 -19"><span class='ocrx_word' id='word_1_161' title='bbox 605 2283 671 2341; x_wconf 84' lang='lat' dir='ltr'>et</span> <span class='ocrx_word' id='word_1_162' title='bbox 715 2279 1095 2359; x_wconf 86' lang='lat' dir='ltr'>quicumque</span> <span class='ocrx_word' id='word_1_163' title='bbox 1141 2279 1506 2360; x_wconf 87' lang='lat' dir='ltr'>tangebant,</span> <span class='ocrx_word' id='word_1_164' title='bbox 1554 2276 1718 2342; x_wconf 89' lang='lat' dir='ltr'>salui</span> <span class='ocrx_word' id='word_1_165' title='bbox 1767 2275 2024 2341; x_wconf 89' lang='lat' dir='ltr'>fiebant.</span> 
     </span>
    </p>
   </div>
   <div class='ocr_carea' id='block_1_3' title="bbox 598 2484 3204 4871">
    <p class='ocr_par' dir='ltr' id='par_1_3' title="bbox 598 2484 3204 4871">
     <span class='ocr_line' id='line_1_18' title="bbox 810 2484 3196 2565; baseline -0.003 -11"><span class='ocrx_word' id='word_1_166' title='bbox 810 2484 972 2554; x_wconf 81' lang='lat' dir='ltr'>vn.</span> <span class='ocrx_word' id='word_1_167' title='bbox 1031 2493 1081 2552; x_wconf 92' lang='lat' dir='ltr'>l.</span> <span class='ocrx_word' id='word_1_168' title='bbox 1132 2489 1216 2552; x_wconf 88' lang='lat' dir='ltr'>Et</span> <span class='ocrx_word' id='word_1_169' title='bbox 1264 2492 1697 2553; x_wconf 87' lang='lat' dir='ltr'>conuenerunt</span> <span class='ocrx_word' id='word_1_170' title='bbox 1744 2486 1826 2550; x_wconf 89' lang='lat' dir='ltr'>ad</span> <span class='ocrx_word' id='word_1_171' title='bbox 1873 2505 2015 2550; x_wconf 90' lang='lat' dir='ltr'>eum</span> <span class='ocrx_word' id='word_1_172' title='bbox 2051 2485 2373 2550; x_wconf 87' lang='lat' dir='ltr'>Pharisaei</span> <span class='ocrx_word' id='word_1_173' title='bbox 2420 2489 2486 2548; x_wconf 93' lang='lat' dir='ltr'>et</span> <span class='ocrx_word' id='word_1_174' title='bbox 2533 2485 2788 2565; x_wconf 89' lang='lat' dir='ltr'>quidam</span> <span class='ocrx_word' id='word_1_175' title='bbox 2839 2486 2921 2549; x_wconf 88' lang='lat' dir='ltr'>de</span> <span class='ocrx_word' id='word_1_176' title='bbox 2954 2484 3196 2560; x_wconf 74' lang='lat' dir='ltr'>scribiS,</span> 
     </span>
     <span class='ocr_line' id='line_1_19' title="bbox 602 2588 3197 2673; baseline 0 -20"><span class='ocrx_word' id='word_1_177' title='bbox 602 2590 709 2672; x_wconf 92' lang='lat' dir='ltr'>qui</span> <span class='ocrx_word' id='word_1_178' title='bbox 756 2596 1071 2657; x_wconf 89' lang='lat' dir='ltr'>uenerant</span> <span class='ocrx_word' id='word_1_179' title='bbox 1114 2593 1194 2657; x_wconf 87' lang='lat' dir='ltr'>ab</span> <span class='ocrx_word' id='word_1_180' title='bbox 1242 2591 1724 2673; x_wconf 79' lang='lat' dir='ltr'>Hierosolymis,</span> <span class='ocrx_word' id='word_1_181' title='bbox 1777 2593 1836 2654; x_wconf 77' lang='lat'>2.</span> <span class='ocrx_word' id='word_1_182' title='bbox 1887 2588 2043 2654; x_wconf 90' lang='lat' dir='ltr'>Cum</span> <span class='ocrx_word' id='word_1_183' title='bbox 2077 2588 2373 2654; x_wconf 89' lang='lat' dir='ltr'>uiderent</span> <span class='ocrx_word' id='word_1_184' title='bbox 2404 2590 2709 2668; x_wconf 90' lang='lat' dir='ltr'>quosdam</span> <span class='ocrx_word' id='word_1_185' title='bbox 2757 2609 2833 2653; x_wconf 86' lang='lat' dir='ltr'>ex</span> <span class='ocrx_word' id='word_1_186' title='bbox 2866 2589 3197 2672; x_wconf 84' lang='lat' dir='ltr'>discipulis</span> 
     </span>
     <span class='ocr_line' id='line_1_20' title="bbox 600 2693 3195 2775; baseline -0.001 -16"><span class='ocrx_word' id='word_1_187' title='bbox 600 2696 741 2760; x_wconf 85' lang='lat' dir='ltr'>eius</span> <span class='ocrx_word' id='word_1_188' title='bbox 769 2696 1074 2760; x_wconf 70' lang='lat' dir='ltr'>nonlotis</span> <span class='ocrx_word' id='word_1_189' title='bbox 1100 2696 1390 2759; x_wconf 89' lang='lat' dir='ltr'>manibus</span> <span class='ocrx_word' id='word_1_190' title='bbox 1415 2695 1802 2760; x_wconf 87' lang='lat' dir='ltr'>manducare</span> <span class='ocrx_word' id='word_1_191' title='bbox 1852 2712 2096 2775; x_wconf 88' lang='lat' dir='ltr'>panem.</span> <span class='ocrx_word' id='word_1_192' title='bbox 2145 2696 2205 2759; x_wconf 84' lang='lat'>3.</span> <span class='ocrx_word' id='word_1_193' title='bbox 2255 2693 2585 2760; x_wconf 86' lang='lat' dir='ltr'>Pharisaei</span> <span class='ocrx_word' id='word_1_194' title='bbox 2633 2697 2844 2759; x_wconf 88' lang='lat' dir='ltr'>autem</span> <span class='ocrx_word' id='word_1_195' title='bbox 2877 2699 2944 2759; x_wconf 89' lang='lat' dir='ltr'>et</span> <span class='ocrx_word' id='word_1_196' title='bbox 2987 2711 3195 2758; x_wconf 81' lang='lat' dir='ltr'>omnes</span> 
     </span>
     <span class='ocr_line' id='line_1_21' title="bbox 599 2799 3196 2881; baseline -0.001 -17"><span class='ocrx_word' id='word_1_197' title='bbox 599 2799 853 2881; x_wconf 89' lang='lat' dir='ltr'>Judaei,</span> <span class='ocrx_word' id='word_1_198' title='bbox 900 2801 1022 2864; x_wconf 92' lang='lat' dir='ltr'>nisi</span> <span class='ocrx_word' id='word_1_199' title='bbox 1073 2800 1344 2865; x_wconf 87' lang='lat' dir='ltr'>subinde</span> <span class='ocrx_word' id='word_1_200' title='bbox 1390 2799 1672 2864; x_wconf 86' lang='lat' dir='ltr'>lauerint</span> <span class='ocrx_word' id='word_1_201' title='bbox 1716 2816 1963 2876; x_wconf 89' lang='lat' dir='ltr'>manus,</span> <span class='ocrx_word' id='word_1_202' title='bbox 2029 2817 2152 2862; x_wconf 91' lang='lat' dir='ltr'>non</span> <span class='ocrx_word' id='word_1_203' title='bbox 2199 2800 2588 2864; x_wconf 88' lang='lat' dir='ltr'>manducant</span> <span class='ocrx_word' id='word_1_204' title='bbox 2625 2816 2851 2880; x_wconf 90' lang='lat' dir='ltr'>panem</span> <span class='ocrx_word' id='word_1_205' title='bbox 2904 2802 3196 2865; x_wconf 85' lang='lat' dir='ltr'>tenentes</span> 
     </span>
     <span class='ocr_line' id='line_1_22' title="bbox 600 2902 3195 2984; baseline -0.001 -16"><span class='ocrx_word' id='word_1_206' title='bbox 600 2905 1007 2970; x_wconf 85' lang='lat' dir='ltr'>traditionem</span> <span class='ocrx_word' id='word_1_207' title='bbox 1072 2905 1413 2970; x_wconf 90' lang='lat' dir='ltr'>seniorum.</span> <span class='ocrx_word' id='word_1_208' title='bbox 1479 2904 1540 2969; x_wconf 88' lang='lat'>4.</span> <span class='ocrx_word' id='word_1_209' title='bbox 1604 2904 1691 2968; x_wconf 89' lang='lat' dir='ltr'>Et</span> <span class='ocrx_word' id='word_1_210' title='bbox 1737 2923 1776 2968; x_wconf 93' lang='lat' dir='ltr'>a</span> <span class='ocrx_word' id='word_1_211' title='bbox 1820 2902 1959 2969; x_wconf 81' lang='lat' dir='ltr'>foro</span> <span class='ocrx_word' id='word_1_212' title='bbox 2028 2922 2170 2967; x_wconf 89' lang='lat' dir='ltr'>cum</span> <span class='ocrx_word' id='word_1_213' title='bbox 2220 2905 2533 2982; x_wconf 89' lang='lat' dir='ltr'>uenerint,</span> <span class='ocrx_word' id='word_1_214' title='bbox 2604 2903 2728 2967; x_wconf 89' lang='lat' dir='ltr'>nisi</span> <span class='ocrx_word' id='word_1_215' title='bbox 2774 2902 3195 2984; x_wconf 88' lang='lat' dir='ltr'>baptizentur,</span> 
     </span>
     <span class='ocr_line' id='line_1_23' title="bbox 605 3008 3200 3091; baseline -0.002 -18"><span class='ocrx_word' id='word_1_216' title='bbox 605 3009 811 3074; x_wconf 89' lang='lat' dir='ltr'>cibum</span> <span class='ocrx_word' id='word_1_217' title='bbox 861 3028 985 3073; x_wconf 92' lang='lat' dir='ltr'>non</span> <span class='ocrx_word' id='word_1_218' title='bbox 1047 3010 1309 3091; x_wconf 90' lang='lat' dir='ltr'>capiunt</span> <span class='ocrx_word' id='word_1_219' title='bbox 1355 3012 1419 3072; x_wconf 91' lang='lat' dir='ltr'>et</span> <span class='ocrx_word' id='word_1_220' title='bbox 1464 3008 1590 3073; x_wconf 90' lang='lat' dir='ltr'>alia</span> <span class='ocrx_word' id='word_1_221' title='bbox 1655 3008 1857 3074; x_wconf 90' lang='lat' dir='ltr'>multa</span> <span class='ocrx_word' id='word_1_222' title='bbox 1919 3014 2089 3085; x_wconf 91' lang='lat' dir='ltr'>sunt,</span> <span class='ocrx_word' id='word_1_223' title='bbox 2153 3026 2317 3087; x_wconf 88' lang='lat' dir='ltr'>quae</span> <span class='ocrx_word' id='word_1_224' title='bbox 2377 3013 2763 3088; x_wconf 88' lang='lat' dir='ltr'>acceperunt</span> <span class='ocrx_word' id='word_1_225' title='bbox 2823 3011 3074 3085; x_wconf 91' lang='lat' dir='ltr'>tenere,</span> <span class='ocrx_word' id='word_1_226' title='bbox 3121 3011 3200 3070; x_wconf 76' lang='lat' dir='ltr'>ut</span> 
     </span>
     <span class='ocr_line' id='line_1_24' title="bbox 601 3108 3201 3196; baseline -0.002 -17"><span class='ocrx_word' id='word_1_227' title='bbox 601 3115 930 3196; x_wconf 85' lang='lat' dir='ltr'>baptizent</span> <span class='ocrx_word' id='word_1_228' title='bbox 987 3112 1219 3179; x_wconf 88' lang='lat' dir='ltr'>calices</span> <span class='ocrx_word' id='word_1_229' title='bbox 1266 3118 1332 3178; x_wconf 90' lang='lat' dir='ltr'>et</span> <span class='ocrx_word' id='word_1_230' title='bbox 1378 3131 1604 3178; x_wconf 79' lang='lat' dir='ltr'>urceos</span> <span class='ocrx_word' id='word_1_231' title='bbox 1667 3118 1733 3177; x_wconf 90' lang='lat' dir='ltr'>et</span> <span class='ocrx_word' id='word_1_232' title='bbox 1778 3118 2145 3177; x_wconf 88' lang='lat' dir='ltr'>aeramenta</span> <span class='ocrx_word' id='word_1_233' title='bbox 2207 3118 2273 3178; x_wconf 90' lang='lat' dir='ltr'>et</span> <span class='ocrx_word' id='word_1_234' title='bbox 2320 3114 2536 3177; x_wconf 86' lang='lat' dir='ltr'>lectos.</span> <span class='ocrx_word' id='word_1_235' title='bbox 2608 3115 2669 3175; x_wconf 88' lang='lat'>5.</span> <span class='ocrx_word' id='word_1_236' title='bbox 2717 3108 2804 3178; x_wconf 86' lang='lat' dir='ltr'>Et</span> <span class='ocrx_word' id='word_1_237' title='bbox 2849 3112 3201 3194; x_wconf 87' lang='lat' dir='ltr'>interroga-</span> 
     </span>
     <span class='ocr_line' id='line_1_25' title="bbox 598 3215 3203 3300; baseline -0.001 -18"><span class='ocrx_word' id='word_1_238' title='bbox 598 3219 755 3282; x_wconf 89' lang='lat' dir='ltr'>bant</span> <span class='ocrx_word' id='word_1_239' title='bbox 820 3237 960 3282; x_wconf 90' lang='lat' dir='ltr'>eum</span> <span class='ocrx_word' id='word_1_240' title='bbox 1027 3216 1353 3282; x_wconf 88' lang='lat' dir='ltr'>Pharisaei</span> <span class='ocrx_word' id='word_1_241' title='bbox 1400 3224 1463 3280; x_wconf 91' lang='lat' dir='ltr'>et</span> <span class='ocrx_word' id='word_1_242' title='bbox 1525 3217 1804 3281; x_wconf 88' lang='lat' dir='ltr'>scribae:</span> <span class='ocrx_word' id='word_1_243' title='bbox 1888 3218 2103 3294; x_wconf 80' lang='lat' dir='ltr'>Quare</span> <span class='ocrx_word' id='word_1_244' title='bbox 2166 3215 2467 3300; x_wconf 89' lang='lat' dir='ltr'>discipuli</span> <span class='ocrx_word' id='word_1_245' title='bbox 2528 3217 2625 3281; x_wconf 84' lang='lat' dir='ltr'>tui</span> <span class='ocrx_word' id='word_1_246' title='bbox 2685 3234 2811 3281; x_wconf 91' lang='lat' dir='ltr'>non</span> <span class='ocrx_word' id='word_1_247' title='bbox 2873 3215 3203 3280; x_wconf 88' lang='lat' dir='ltr'>ambulant</span> 
     </span>
     <span class='ocr_line' id='line_1_26' title="bbox 601 3319 3200 3401; baseline -0 -17"><span class='ocrx_word' id='word_1_248' title='bbox 601 3322 951 3386; x_wconf 83' lang='lat' dir='ltr'>secundum</span> <span class='ocrx_word' id='word_1_249' title='bbox 1012 3320 1420 3386; x_wconf 87' lang='lat' dir='ltr'>traditionem</span> <span class='ocrx_word' id='word_1_250' title='bbox 1485 3321 1825 3397; x_wconf 87' lang='lat' dir='ltr'>seniorum,</span> <span class='ocrx_word' id='word_1_251' title='bbox 1890 3322 2001 3386; x_wconf 91' lang='lat' dir='ltr'>sed</span> <span class='ocrx_word' id='word_1_252' title='bbox 2050 3321 2268 3387; x_wconf 88' lang='lat' dir='ltr'>inlotis</span> <span class='ocrx_word' id='word_1_253' title='bbox 2329 3321 2620 3386; x_wconf 88' lang='lat' dir='ltr'>manibus</span> <span class='ocrx_word' id='word_1_254' title='bbox 2679 3321 2880 3385; x_wconf 91' lang='lat' dir='ltr'>edunt</span> <span class='ocrx_word' id='word_1_255' title='bbox 2926 3319 3200 3401; x_wconf 83' lang='lat' dir='ltr'>panem?</span> 
     </span>
     <span class='ocr_line' id='line_1_27' title="bbox 600 3424 3203 3508; baseline -0.001 -17"><span class='ocrx_word' id='word_1_256' title='bbox 600 3429 659 3491; x_wconf 84' lang='lat'>6.</span> <span class='ocrx_word' id='word_1_257' title='bbox 724 3425 822 3489; x_wconf 92' lang='lat' dir='ltr'>Ad</span> <span class='ocrx_word' id='word_1_258' title='bbox 888 3425 995 3490; x_wconf 91' lang='lat' dir='ltr'>ille</span> <span class='ocrx_word' id='word_1_259' title='bbox 1062 3426 1455 3507; x_wconf 89' lang='lat' dir='ltr'>respondens</span> <span class='ocrx_word' id='word_1_260' title='bbox 1518 3424 1715 3491; x_wconf 85' lang='lat' dir='ltr'>dixit:</span> <span class='ocrx_word' id='word_1_261' title='bbox 1790 3425 2095 3502; x_wconf 83' lang='lat' dir='ltr'>Quoniam</span> <span class='ocrx_word' id='word_1_262' title='bbox 2165 3426 2329 3491; x_wconf 89' lang='lat' dir='ltr'>bene</span> <span class='ocrx_word' id='word_1_263' title='bbox 2389 3426 2800 3508; x_wconf 89' lang='lat' dir='ltr'>prophetauit</span> <span class='ocrx_word' id='word_1_264' title='bbox 2843 3425 3080 3490; x_wconf 88' lang='lat' dir='ltr'>Eseias</span> <span class='ocrx_word' id='word_1_265' title='bbox 3126 3425 3203 3489; x_wconf 85' lang='lat' dir='ltr'>de</span> 
     </span>
     <span class='ocr_line' id='line_1_28' title="bbox 600 3529 3202 3613; baseline -0.001 -18"><span class='ocrx_word' id='word_1_266' title='bbox 600 3531 804 3609; x_wconf 90' lang='lat' dir='ltr'>uobis,</span> <span class='ocrx_word' id='word_1_267' title='bbox 866 3529 1237 3612; x_wconf 85' lang='lat' dir='ltr'>hypocritis,</span> <span class='ocrx_word' id='word_1_268' title='bbox 1300 3530 1409 3611; x_wconf 90' lang='lat' dir='ltr'>qui</span> <span class='ocrx_word' id='word_1_269' title='bbox 1457 3531 1651 3596; x_wconf 84' lang='lat' dir='ltr'>dixit:</span> <span class='ocrx_word' id='word_1_270' title='bbox 1715 3530 1902 3613; x_wconf 91' lang='lat' dir='ltr'>plebs</span> <span class='ocrx_word' id='word_1_271' title='bbox 1944 3531 2104 3596; x_wconf 88' lang='lat' dir='ltr'>haec</span> <span class='ocrx_word' id='word_1_272' title='bbox 2148 3530 2338 3595; x_wconf 87' lang='lat' dir='ltr'>labiis</span> <span class='ocrx_word' id='word_1_273' title='bbox 2384 3550 2484 3595; x_wconf 90' lang='lat' dir='ltr'>me</span> <span class='ocrx_word' id='word_1_274' title='bbox 2529 3530 2760 3611; x_wconf 86' lang='lat' dir='ltr'>diligit,</span> <span class='ocrx_word' id='word_1_275' title='bbox 2832 3547 2940 3594; x_wconf 92' lang='lat' dir='ltr'>cor</span> <span class='ocrx_word' id='word_1_276' title='bbox 2990 3534 3202 3593; x_wconf 89' lang='lat' dir='ltr'>autem</span> 
     </span>
     <span class='ocr_line' id='line_1_29' title="bbox 603 3634 3201 3718; baseline 0 -19"><span class='ocrx_word' id='word_1_277' title='bbox 603 3655 816 3700; x_wconf 84' lang='lat' dir='ltr'>eorum</span> <span class='ocrx_word' id='word_1_278' title='bbox 868 3635 1053 3718; x_wconf 90' lang='lat' dir='ltr'>longe</span> <span class='ocrx_word' id='word_1_279' title='bbox 1100 3640 1199 3700; x_wconf 91' lang='lat' dir='ltr'>est</span> <span class='ocrx_word' id='word_1_280' title='bbox 1236 3654 1273 3699; x_wconf 90' lang='lat' dir='ltr'>a</span> <span class='ocrx_word' id='word_1_281' title='bbox 1318 3655 1435 3700; x_wconf 90' lang='lat' dir='ltr'>me.</span> <span class='ocrx_word' id='word_1_282' title='bbox 1487 3637 1543 3702; x_wconf 82' lang='lat'>7.</span> <span class='ocrx_word' id='word_1_283' title='bbox 1594 3634 1746 3701; x_wconf 89' lang='lat' dir='ltr'>Sine</span> <span class='ocrx_word' id='word_1_284' title='bbox 1795 3654 1986 3702; x_wconf 90' lang='lat' dir='ltr'>causa</span> <span class='ocrx_word' id='word_1_285' title='bbox 2035 3640 2244 3701; x_wconf 89' lang='lat' dir='ltr'>autem</span> <span class='ocrx_word' id='word_1_286' title='bbox 2290 3655 2390 3700; x_wconf 88' lang='lat' dir='ltr'>me</span> <span class='ocrx_word' id='word_1_287' title='bbox 2436 3635 2656 3701; x_wconf 91' lang='lat' dir='ltr'>colunt</span> <span class='ocrx_word' id='word_1_288' title='bbox 2702 3635 3011 3699; x_wconf 88' lang='lat' dir='ltr'>docentes</span> <span class='ocrx_word' id='word_1_289' title='bbox 3059 3635 3201 3699; x_wconf 90' lang='lat' dir='ltr'>doc-</span> 
     </span>
     <span class='ocr_line' id='line_1_30' title="bbox 602 3737 3203 3824; baseline -0.002 -19"><span class='ocrx_word' id='word_1_290' title='bbox 602 3742 803 3805; x_wconf 86' lang='lat' dir='ltr'>trinas</span> <span class='ocrx_word' id='word_1_291' title='bbox 852 3744 1196 3822; x_wconf 87' lang='lat' dir='ltr'>praecepta</span> <span class='ocrx_word' id='word_1_292' title='bbox 1241 3740 1582 3805; x_wconf 91' lang='lat' dir='ltr'>hominum.</span> <span class='ocrx_word' id='word_1_293' title='bbox 1654 3743 1713 3807; x_wconf 85' lang='lat'>8.</span> <span class='ocrx_word' id='word_1_294' title='bbox 1766 3742 2124 3824; x_wconf 84' lang='lat' dir='ltr'>Baptismos</span> <span class='ocrx_word' id='word_1_295' title='bbox 2172 3742 2453 3806; x_wconf 89' lang='lat' dir='ltr'>catinum</span> <span class='ocrx_word' id='word_1_296' title='bbox 2500 3744 2566 3805; x_wconf 89' lang='lat' dir='ltr'>et</span> <span class='ocrx_word' id='word_1_297' title='bbox 2619 3738 2925 3805; x_wconf 89' lang='lat' dir='ltr'>orciolum</span> <span class='ocrx_word' id='word_1_298' title='bbox 2961 3743 3030 3802; x_wconf 94' lang='lat' dir='ltr'>et</span> <span class='ocrx_word' id='word_1_299' title='bbox 3077 3737 3203 3803; x_wconf 89' lang='lat' dir='ltr'>alia</span> 
     </span>
     <span class='ocr_line' id='line_1_31' title="bbox 602 3843 3200 3929; baseline -0 -20"><span class='ocrx_word' id='word_1_300' title='bbox 602 3843 834 3909; x_wconf 88' lang='lat' dir='ltr'>similia</span> <span class='ocrx_word' id='word_1_301' title='bbox 880 3845 1079 3908; x_wconf 89' lang='lat' dir='ltr'>multa</span> <span class='ocrx_word' id='word_1_302' title='bbox 1124 3845 1489 3911; x_wconf 92' lang='lat' dir='ltr'>huiusmodi</span> <span class='ocrx_word' id='word_1_303' title='bbox 1536 3845 1772 3927; x_wconf 80' lang='lat' dir='ltr'>facitiS,</span> <span class='ocrx_word' id='word_1_304' title='bbox 1819 3845 2043 3912; x_wconf 82' lang='lat' dir='ltr'>relicto</span> <span class='ocrx_word' id='word_1_305' title='bbox 2090 3852 2439 3929; x_wconf 85' lang='lat' dir='ltr'>praecepto</span> <span class='ocrx_word' id='word_1_306' title='bbox 2489 3847 2609 3925; x_wconf 92' lang='lat' dir='ltr'>dei,</span> <span class='ocrx_word' id='word_1_307' title='bbox 2658 3849 2954 3911; x_wconf 90' lang='lat' dir='ltr'>tenentes</span> <span class='ocrx_word' id='word_1_308' title='bbox 3001 3844 3200 3909; x_wconf 90' lang='lat' dir='ltr'>tradi-</span> 
     </span>
     <span class='ocr_line' id='line_1_32' title="bbox 601 3949 3203 4017; baseline -0 -4"><span class='ocrx_word' id='word_1_309' title='bbox 601 3950 809 4014; x_wconf 90' lang='lat' dir='ltr'>tiones</span> <span class='ocrx_word' id='word_1_310' title='bbox 852 3949 1192 4014; x_wconf 89' lang='lat' dir='ltr'>hominum.</span> <span class='ocrx_word' id='word_1_311' title='bbox 1268 3952 1328 4015; x_wconf 81' lang='lat'>9.</span> <span class='ocrx_word' id='word_1_312' title='bbox 1378 3950 1465 4015; x_wconf 86' lang='lat' dir='ltr'>Et</span> <span class='ocrx_word' id='word_1_313' title='bbox 1511 3950 1764 4016; x_wconf 88' lang='lat' dir='ltr'>dicebat</span> <span class='ocrx_word' id='word_1_314' title='bbox 1811 3952 1972 4016; x_wconf 89' lang='lat' dir='ltr'>illis:</span> <span class='ocrx_word' id='word_1_315' title='bbox 2045 3952 2207 4016; x_wconf 90' lang='lat' dir='ltr'>bene</span> <span class='ocrx_word' id='word_1_316' title='bbox 2254 3951 2510 4017; x_wconf 89' lang='lat' dir='ltr'>irritum</span> <span class='ocrx_word' id='word_1_317' title='bbox 2558 3949 2771 4014; x_wconf 81' lang='lat' dir='ltr'>facitis</span> <span class='ocrx_word' id='word_1_318' title='bbox 2826 3949 3203 4015; x_wconf 87' lang='lat' dir='ltr'>mandatum</span> 
     </span>
     <span class='ocr_line' id='line_1_33' title="bbox 603 4053 3204 4139; baseline -0 -21"><span class='ocrx_word' id='word_1_319' title='bbox 603 4054 728 4132; x_wconf 90' lang='lat' dir='ltr'>dei,</span> <span class='ocrx_word' id='word_1_320' title='bbox 780 4060 848 4117; x_wconf 93' lang='lat' dir='ltr'>ut</span> <span class='ocrx_word' id='word_1_321' title='bbox 895 4054 1303 4119; x_wconf 88' lang='lat' dir='ltr'>traditionem</span> <span class='ocrx_word' id='word_1_322' title='bbox 1337 4059 1617 4120; x_wconf 85' lang='lat' dir='ltr'>uestram</span> <span class='ocrx_word' id='word_1_323' title='bbox 1652 4056 1971 4120; x_wconf 87' lang='lat' dir='ltr'>statuatis.</span> <span class='ocrx_word' id='word_1_324' title='bbox 2032 4057 2128 4120; x_wconf 87' lang='lat'>10.</span> <span class='ocrx_word' id='word_1_325' title='bbox 2179 4055 2436 4139; x_wconf 88' lang='lat' dir='ltr'>Moyzes</span> <span class='ocrx_word' id='word_1_326' title='bbox 2471 4061 2679 4120; x_wconf 90' lang='lat' dir='ltr'>autem</span> <span class='ocrx_word' id='word_1_327' title='bbox 2720 4054 2914 4119; x_wconf 82' lang='lat' dir='ltr'>dixit:</span> <span class='ocrx_word' id='word_1_328' title='bbox 2960 4053 3204 4120; x_wconf 85' lang='lat' dir='ltr'>honora</span> 
     </span>
     <span class='ocr_line' id='line_1_34' title="bbox 605 4159 3203 4241; baseline -0 -18"><span class='ocrx_word' id='word_1_329' title='bbox 605 4164 850 4241; x_wconf 88' lang='lat' dir='ltr'>patrem</span> <span class='ocrx_word' id='word_1_330' title='bbox 935 4163 1114 4223; x_wconf 89' lang='lat' dir='ltr'>tuum</span> <span class='ocrx_word' id='word_1_331' title='bbox 1198 4165 1262 4222; x_wconf 94' lang='lat' dir='ltr'>et</span> <span class='ocrx_word' id='word_1_332' title='bbox 1337 4164 1606 4225; x_wconf 87' lang='lat' dir='ltr'>matrem</span> <span class='ocrx_word' id='word_1_333' title='bbox 1682 4166 1877 4235; x_wconf 86' lang='lat' dir='ltr'>tuam,</span> <span class='ocrx_word' id='word_1_334' title='bbox 1955 4166 2054 4223; x_wconf 92' lang='lat' dir='ltr'>et:</span> <span class='ocrx_word' id='word_1_335' title='bbox 2123 4161 2230 4240; x_wconf 90' lang='lat' dir='ltr'>qui</span> <span class='ocrx_word' id='word_1_336' title='bbox 2306 4159 2711 4224; x_wconf 87' lang='lat' dir='ltr'>maledixerit</span> <span class='ocrx_word' id='word_1_337' title='bbox 2769 4163 3015 4240; x_wconf 84' lang='lat' dir='ltr'>patrem</span> <span class='ocrx_word' id='word_1_338' title='bbox 3094 4161 3203 4222; x_wconf 88' lang='lat' dir='ltr'>aut</span> 
     </span>
     <span class='ocr_line' id='line_1_35' title="bbox 602 4261 3201 4345; baseline 0 -19"><span class='ocrx_word' id='word_1_339' title='bbox 602 4269 889 4342; x_wconf 84' lang='lat' dir='ltr'>matrem,</span> <span class='ocrx_word' id='word_1_340' title='bbox 934 4263 1124 4328; x_wconf 87' lang='lat' dir='ltr'>morti</span> <span class='ocrx_word' id='word_1_341' title='bbox 1169 4265 1496 4329; x_wconf 84' lang='lat' dir='ltr'>moriatur.</span> <span class='ocrx_word' id='word_1_342' title='bbox 1552 4267 1648 4328; x_wconf 84' lang='lat' dir='ltr'>ll.</span> <span class='ocrx_word' id='word_1_343' title='bbox 1697 4264 1833 4329; x_wconf 90' lang='lat' dir='ltr'>Uos</span> <span class='ocrx_word' id='word_1_344' title='bbox 1880 4268 2094 4330; x_wconf 87' lang='lat' dir='ltr'>autem</span> <span class='ocrx_word' id='word_1_345' title='bbox 2128 4263 2379 4329; x_wconf 88' lang='lat' dir='ltr'>dicitis:</span> <span class='ocrx_word' id='word_1_346' title='bbox 2428 4264 2494 4329; x_wconf 88' lang='lat' dir='ltr'>Si</span> <span class='ocrx_word' id='word_1_347' title='bbox 2529 4264 2765 4328; x_wconf 83' lang='lat' dir='ltr'>dixerit</span> <span class='ocrx_word' id='word_1_348' title='bbox 2795 4262 2980 4327; x_wconf 90' lang='lat' dir='ltr'>homo</span> <span class='ocrx_word' id='word_1_349' title='bbox 3028 4261 3201 4345; x_wconf 88' lang='lat' dir='ltr'>patri</span> 
     </span>
     <span class='ocr_line' id='line_1_36' title="bbox 602 4366 3199 4451; baseline -0.001 -19"><span class='ocrx_word' id='word_1_350' title='bbox 602 4372 715 4432; x_wconf 88' lang='lat' dir='ltr'>aut</span> <span class='ocrx_word' id='word_1_351' title='bbox 759 4369 984 4433; x_wconf 87' lang='lat' dir='ltr'>matri:</span> <span class='ocrx_word' id='word_1_352' title='bbox 1037 4366 1288 4433; x_wconf 86' lang='lat' dir='ltr'>Gorban</span> <span class='ocrx_word' id='word_1_353' title='bbox 1337 4370 1532 4451; x_wconf 90' lang='lat' dir='ltr'>(quod</span> <span class='ocrx_word' id='word_1_354' title='bbox 1566 4375 1665 4434; x_wconf 85' lang='lat' dir='ltr'>est</span> <span class='ocrx_word' id='word_1_355' title='bbox 1697 4370 1955 4450; x_wconf 89' lang='lat' dir='ltr'>munus)</span> <span class='ocrx_word' id='word_1_356' title='bbox 2001 4371 2449 4450; x_wconf 91' lang='lat' dir='ltr'>quodcumque</span> <span class='ocrx_word' id='word_1_357' title='bbox 2496 4388 2573 4432; x_wconf 84' lang='lat' dir='ltr'>ex</span> <span class='ocrx_word' id='word_1_358' title='bbox 2618 4387 2718 4433; x_wconf 88' lang='lat' dir='ltr'>me</span> <span class='ocrx_word' id='word_1_359' title='bbox 2748 4368 2865 4432; x_wconf 92' lang='lat' dir='ltr'>tibi</span> <span class='ocrx_word' id='word_1_360' title='bbox 2892 4367 3199 4451; x_wconf 82' lang='lat' dir='ltr'>proderit,</span> 
     </span>
     <span class='ocr_line' id='line_1_37' title="bbox 608 4472 3199 4556; baseline 0 -20"><span class='ocrx_word' id='word_1_361' title='bbox 608 4474 705 4537; x_wconf 82' lang='lat'>12.</span> <span class='ocrx_word' id='word_1_362' title='bbox 753 4473 878 4537; x_wconf 91' lang='lat' dir='ltr'>iam</span> <span class='ocrx_word' id='word_1_363' title='bbox 926 4491 1051 4537; x_wconf 91' lang='lat' dir='ltr'>non</span> <span class='ocrx_word' id='word_1_364' title='bbox 1102 4474 1430 4539; x_wconf 87' lang='lat' dir='ltr'>dimittitis</span> <span class='ocrx_word' id='word_1_365' title='bbox 1477 4493 1621 4540; x_wconf 91' lang='lat' dir='ltr'>eum</span> <span class='ocrx_word' id='word_1_366' title='bbox 1668 4476 2003 4556; x_wconf 88' lang='lat' dir='ltr'>quicquam</span> <span class='ocrx_word' id='word_1_367' title='bbox 2050 4473 2264 4538; x_wconf 85' lang='lat' dir='ltr'>facere</span> <span class='ocrx_word' id='word_1_368' title='bbox 2311 4474 2480 4555; x_wconf 88' lang='lat' dir='ltr'>patri</span> <span class='ocrx_word' id='word_1_369' title='bbox 2527 4477 2639 4538; x_wconf 88' lang='lat' dir='ltr'>aut</span> <span class='ocrx_word' id='word_1_370' title='bbox 2687 4472 2898 4551; x_wconf 90' lang='lat' dir='ltr'>matri,</span> <span class='ocrx_word' id='word_1_371' title='bbox 2961 4474 3054 4537; x_wconf 68' lang='lat'>13.</span> <span class='ocrx_word' id='word_1_372' title='bbox 3107 4472 3199 4536; x_wconf 92' lang='lat' dir='ltr'>in-</span> 
     </span>
     <span class='ocr_line' id='line_1_38' title="bbox 605 4575 3201 4660; baseline -0.001 -20"><span class='ocrx_word' id='word_1_373' title='bbox 605 4575 938 4642; x_wconf 89' lang='lat' dir='ltr'>firmantes</span> <span class='ocrx_word' id='word_1_374' title='bbox 1006 4578 1271 4643; x_wconf 90' lang='lat' dir='ltr'>uerbum</span> <span class='ocrx_word' id='word_1_375' title='bbox 1319 4578 1422 4642; x_wconf 90' lang='lat' dir='ltr'>dei</span> <span class='ocrx_word' id='word_1_376' title='bbox 1471 4596 1585 4660; x_wconf 90' lang='lat' dir='ltr'>per</span> <span class='ocrx_word' id='word_1_377' title='bbox 1629 4579 2043 4644; x_wconf 87' lang='lat' dir='ltr'>traditionem</span> <span class='ocrx_word' id='word_1_378' title='bbox 2114 4583 2394 4645; x_wconf 88' lang='lat' dir='ltr'>uestram</span> <span class='ocrx_word' id='word_1_379' title='bbox 2463 4578 2744 4655; x_wconf 84' lang='lat' dir='ltr'>stultam,</span> <span class='ocrx_word' id='word_1_380' title='bbox 2815 4595 3000 4657; x_wconf 90' lang='lat' dir='ltr'>quam</span> <span class='ocrx_word' id='word_1_381' title='bbox 3070 4579 3201 4638; x_wconf 87' lang='lat' dir='ltr'>tra·</span> 
     </span>
     <span class='ocr_line' id='line_1_39' title="bbox 609 4680 3199 4759; baseline -0.001 -13"><span class='ocrx_word' id='word_1_382' title='bbox 609 4681 881 4759; x_wconf 71' lang='lat' dir='ltr'>(linistis,</span> <span class='ocrx_word' id='word_1_383' title='bbox 929 4688 995 4748; x_wconf 90' lang='lat' dir='ltr'>et</span> <span class='ocrx_word' id='word_1_384' title='bbox 1042 4682 1275 4749; x_wconf 88' lang='lat' dir='ltr'>similia</span> <span class='ocrx_word' id='word_1_385' title='bbox 1320 4684 1445 4748; x_wconf 86' lang='lat' dir='ltr'>ista</span> <span class='ocrx_word' id='word_1_386' title='bbox 1491 4682 1691 4747; x_wconf 89' lang='lat' dir='ltr'>multa</span> <span class='ocrx_word' id='word_1_387' title='bbox 1737 4683 1973 4748; x_wconf 85' lang='lat' dir='ltr'>facitis.</span> <span class='ocrx_word' id='word_1_388' title='bbox 2030 4685 2124 4748; x_wconf 88' lang='lat'>14.</span> <span class='ocrx_word' id='word_1_389' title='bbox 2173 4683 2259 4747; x_wconf 88' lang='lat' dir='ltr'>Et</span> <span class='ocrx_word' id='word_1_390' title='bbox 2309 4683 2644 4747; x_wconf 87' lang='lat' dir='ltr'>aduocatis</span> <span class='ocrx_word' id='word_1_391' title='bbox 2695 4683 2924 4746; x_wconf 75' lang='lat' dir='ltr'>iterum</span> <span class='ocrx_word' id='word_1_392' title='bbox 2969 4680 3199 4756; x_wconf 85' lang='lat' dir='ltr'>turbis,</span> 
     </span>
     <span class='ocr_line' id='line_1_40' title="bbox 605 4783 3199 4871; baseline -0.001 -21"><span class='ocrx_word' id='word_1_393' title='bbox 605 4786 863 4851; x_wconf 87' lang='lat' dir='ltr'>dicebat</span> <span class='ocrx_word' id='word_1_394' title='bbox 927 4786 1082 4853; x_wconf 88' lang='lat' dir='ltr'>illis:</span> <span class='ocrx_word' id='word_1_395' title='bbox 1161 4787 1381 4852; x_wconf 89' lang='lat' dir='ltr'>audite</span> <span class='ocrx_word' id='word_1_396' title='bbox 1429 4805 1528 4851; x_wconf 90' lang='lat' dir='ltr'>me</span> <span class='ocrx_word' id='word_1_397' title='bbox 1573 4806 1793 4853; x_wconf 90' lang='lat' dir='ltr'>omnes</span> <span class='ocrx_word' id='word_1_398' title='bbox 1841 4794 1907 4853; x_wconf 86' lang='lat' dir='ltr'>et</span> <span class='ocrx_word' id='word_1_399' title='bbox 1984 4787 2357 4871; x_wconf 88' lang='lat' dir='ltr'>intellegite.</span> <span class='ocrx_word' id='word_1_400' title='bbox 2437 4789 2530 4852; x_wconf 82' lang='grc'><strong>15.</strong></span> <span class='ocrx_word' id='word_1_401' title='bbox 2577 4784 2758 4850; x_wconf 90' lang='lat' dir='ltr'>Nihil</span> <span class='ocrx_word' id='word_1_402' title='bbox 2810 4791 2912 4851; x_wconf 90' lang='lat' dir='ltr'>est</span> <span class='ocrx_word' id='word_1_403' title='bbox 2955 4804 2994 4848; x_wconf 91' lang='lat' dir='ltr'>a</span> <span class='ocrx_word' id='word_1_404' title='bbox 3040 4783 3199 4849; x_wconf 84' lang='lat' dir='ltr'>foris</span> 
     </span>
    </p>
   </div>
  </div>
 </body>
</html>
