3484 5617
614 500 740 566 120
1390 493 1753 562 Euangelium
1792 494 2091 548 secundum
2130 492 2395 550 Marcum.
3061 502 3112 559 c·
3149 509 3190 557 1,

612 707 1062 788 Capharnaum
1135 708 1422 784 sabbato,
1500 714 1560 773 et
1628 707 1961 773 confestim
2035 707 2322 787 ingresus
2400 709 2464 772 in
2512 729 2897 793 synagogam
2943 711 3195 778 docebat

606 812 768 877 illos.
862 815 967 879 22.
1013 813 1100 876 Et
1145 813 1488 895 stupebant
1534 830 1728 893 super
1773 812 2066 878 doctrina
2112 813 2270 891 eius,
2333 816 2472 877 erat
2518 815 2685 878 onim
2760 816 2992 880 docens
3036 818 3195 883 sicut

604 921 984 1000 potestatem
1032 915 1292 992 babens
1370 935 1492 980 non
1542 918 1709 982 sicut
1757 915 2026 982 scribae.
2119 918 2221 982 23.
2269 916 2429 982 Erat
2493 924 2706 982 autem
2776 918 2838 982 in
2889 938 3196 1002 synagoga

602 1022 810 1101 homo,
859 1021 962 1102 qui
1009 1019 1286 1085 habebat
1331 1020 1626 1102 spiritum
1673 1019 2108 1097 immundum3
2157 1021 2259 1107 24.
2294 1024 2359 1084 et
2390 1020 2706 1087 clamabat
2755 1022 3005 1087 dicens:
3055 1025 3196 1104 quid

604 1128 787 1192 nobis
834 1130 899 1190 et
942 1125 1081 1204 tibi,
1128 1124 1288 1189 Jesu
1334 1124 1712 1189 Nazarene‘?
1787 1126 2023 1189 uenisti
2073 1125 2339 1206 perdere
2387 1143 2535 1204 nos;
2612 1126 2746 1191 scio
2794 1131 2875 1202 te,
2968 1129 3073 1208 qui
3116 1130 3198 1195 sis

606 1235 865 1295 sanctus
915 1231 1037 1295 dei.
1086 1231 1187 1296 25.
1236 1231 1322 1294 Et
1369 1230 1712 1312 imperauit
1757 1228 1850 1292 illi
1899 1233 1965 1293 et
2012 1229 2206 1294 dixit:
2258 1228 2661 1294 ommutesce
2709 1235 2775 1296 et
2821 1232 2924 1295 exi
2970 1232 3046 1296 de
3096 1234 3193 1297 ho-

605 1336 793 1415 mine,
845 1335 1109 1417 spiritus
1155 1332 1495 1398 immunde.
1566 1336 1667 1399 26.
1717 1334 1806 1398 Et
1852 1336 2177 1400 concussit
2222 1353 2365 1398 eum
2428 1335 2694 1415 spiritus
2739 1335 3095 1401 immundus
3138 1342 3197 1400 et

603 1441 881 1505 clamans
948 1456 1106 1503 uoce
1173 1456 1400 1519 magna
1467 1438 1623 1502 exiit
1690 1439 1769 1502 ab
1840 1455 1936 1502 eo.
2014 1439 2117 1502 27.
2169 1438 2567 1503 Mirabantur
2613 1446 2826 1505 autem
2876 1458 3088 1504 ornnes
3133 1446 3192 1505 et

605 1544 1089 1626 conquirebant,
1140 1560 1303 1623 quae
1351 1547 1523 1607 esset
1572 1543 1862 1607 doctrina
1908 1544 2033 1606 ista
2083 1560 2223 1606 cum
2270 1544 2641 1623 potestate?
2711 1550 2775 1609 et
2824 1546 2975 1625 quia
3020 1545 3191 1625 spiri-

604 1650 775 1714 tibus
850 1647 1192 1714 immundis
1265 1646 1556 1728 imperat,
1634 1650 1699 1710 et
1745 1646 2095 1711 obaudiunt
2170 1665 2330 1712 eum.
2381 1650 2484 1713 28.
2534 1647 2617 1712 Et
2650 1650 2808 1714 exiit
2852 1667 3063 1713 rumor
3103 1648 3195 1711 hic

603 1754 840 1835 ubique
886 1754 1059 1817 circa
1104 1751 1398 1832 regiones
1445 1750 1795 1818 Galilaeae.
1847 1754 1946 1817 29.
1997 1751 2315 1832 Egressus
2347 1758 2559 1817 autem
2605 1755 2907 1819 continuo
2952 1753 3032 1816 de
3062 1771 3193 1833 syn-

601 1876 805 1940 agoga
851 1859 1029 1922 uenit
1077 1856 1141 1919 in
1187 1857 1439 1920 domum
1485 1853 1763 1920 Simonis
1809 1859 1875 1919 et
1927 1856 2218 1921 Andreae
2265 1875 2406 1921 cum
2454 1855 2713 1936 Jacobo‚
2779 1863 2847 1922 et
2894 1856 3175 1922 Johanne

605 1965 707 2028 30.
758 1961 1030 2026 Jacebat
1078 1964 1289 2025 autem
1337 1978 1560 2025 socrus
1595 1959 1871 2024 Simonis
1917 1959 2314 2034 febricitans,
2364 1965 2429 2025 et
2476 1962 2696 2027 dicunt
2743 1963 2801 2026 ei
2836 1962 2914 2026 de
2945 1960 3069 2025 illa.
3097 1963 3189 2026 31.

602 2068 720 2131 Ille
768 2070 976 2130 autern
1024 2064 1221 2143 uenit,
1269 2070 1333 2130 et
1379 2065 1728 2129 extendens
1776 2083 2047 2142 manum,
2090 2064 2510 2145 adprehendit
2556 2084 2698 2130 eam
2747 2072 2813 2133 et
2859 2065 3097 2129 leuauit
3136 2069 3198 2129 et

606 2171 858 2236 remisit
903 2169 1078 2234 illam
1126 2169 1347 2234 statim
1393 2166 1609 2248 febriS‚
1672 2174 1738 2232 et
1784 2168 2186 2233 ministrabat
2254 2169 2401 2234 illis.
2496 2171 2598 2235 32.
2649 2169 2806 2234 Cum
2854 2175 3063 2234 autem
3108 2167 3195 2233 sol

603 2276 962 2351 occidisset,
1031 2273 1322 2338 ferebant
1364 2274 1443 2338 ad
1493 2292 1633 2337 eum
1681 2292 1898 2338 omnes
1962 2274 2126 2338 male
2189 2273 2499 2339 habentes
2547 2276 2747 2339 uariis
2797 2272 3194 2355 languoribus

603 2389 668 2447 et
734 2400 865 2458 eos,
938 2380 1048 2463 qui
1120 2377 1439 2444 habebant
1506 2378 1859 2455 daemonia,
1908 2385 1973 2444 et
2039 2378 2312 2443 eiciebat
2380 2378 2716 2443 daemonia
2764 2380 2845 2443 ab
2896 2378 3021 2443 eis:
3095 2377 3191 2441 33.

604 2493 668 2551 et
713 2490 854 2550 erat
897 2485 1103 2549 omnis
1172 2482 1404 2547 ciuitas
1482 2488 1870 2564 congregata
1945 2483 2025 2547 ad
2094 2482 2283 2575 fores.
2361 2484 2465 2548 34.
2513 2483 2600 2547 Et
2645 2485 2903 2548 sanauit
2968 2480 3191 2547 multos

601 2591 767 2654 male
847 2589 1155 2653 habentes
1234 2587 1645 2668 languoribus
1712 2586 1933 2664 uariis,
2012 2606 2127 2652 nec
2195 2586 2559 2668 patiebatur
2639 2607 2717 2652 ea
2785 2587 2982 2669 loqui,
3052 2602 3194 2665 quo·
3312 2592 3316 2596 ’

601 2696 771 2758 niam
862 2697 1176 2758 nouerant
1250 2710 1413 2756 eum.
1470 2693 1608 2770 435.
1682 2691 1770 2756 Et
1846 2693 2128 2781 diluculo
2225 2709 2493 2773 surgens
2570 2694 2728 2757 abiit
2828 2695 2892 2758 in
2987 2691 3188 2755 deser·

600 2806 733 2863 tum
778 2797 1003 2876 locum,
1077 2796 1294 2879 ibique
1355 2797 1596 2883 orabat.
1688 2799 1789 2861 36.
1869 2796 1954 2860 Et
2029 2798 2353 2862 subsecuti
2405 2804 2571 2862 sunt
2637 2815 2779 2861 eum
2827 2797 3062 2873 Simon,
3135 2797 3196 2855 et

601 2906 708 2986 qui
784 2922 925 2967 cum
971 2920 1048 2967 eo
1094 2906 1295 2979 erant,
1370 2901 1655 2988 dicentes
1723 2902 1860 2966 illi:
1942 2902 2043 2966 37.
2095 2903 2388 2982 quoniam
2466 2908 2781 2983 quaerunt
2854 2909 2916 2966 tc
2986 2917 3189 2964 omnes

601 3010 704 3075 38.
753 3008 840 3073 Et
887 3009 980 3071 ait
1026 3007 1195 3094 illisq
1259 3006 1498 3071 Eamus
1573 3008 1637 3070 in
1685 3006 1948 3070 castella
2018 3005 2285 3095 confinia
2347 3012 2411 3070 et
2458 3008 2756 3099 ciuitates
2803 3006 3188 3088 praedicare,

600 3114 681 3178 ad
726 3110 845 3176 hoc
906 3112 1072 3175 enim
1136 3110 1303 3175 ueni.
1383 3113 1487 3175 39.
1534 3109 1622 3175 Et
1669 3116 1808 3175 erat
1877 3112 2252 3191 praedicans
2329 3111 2391 3174 in
2454 3113 2792 3194 synagogis
2877 3107 3192 3177 Galilaeae

601 3218 883 3296 itemque
930 3215 1266 3279 daemonia
1312 3215 1656 3295 expellens.
1735 3218 1838 3280 40.
1891 3216 1975 3280 Et
2019 3216 2199 3280 uenit
2244 3215 2324 3279 ad
2371 3215 2548 3279 illum
2593 3214 2889 3296 leprosus
2938 3215 3189 3296 deprae-

602 3340 754 3385 cans
799 3338 943 3384 eum
991 3327 1057 3383 et
1105 3318 1355 3383 dicens:
1406 3320 1460 3383 si
1509 3320 1609 3383 uis
1657 3323 1841 3400 potes
1875 3321 2182 3383 mundare
2227 3338 2345 3383 me.
2395 3321 2500 3384 41.
2548 3321 2636 3384 Et
2675 3322 3030 3386 extendens
3075 3334 3189 3379 ma-

601 3442 746 3488 num
796 3424 856 3487 ei
901 3423 1098 3508 dixit:¹
1143 3423 1310 3501 u010,
1357 3422 1681 3488 mundare.
1775 3426 1878 3488 42.
1927 3424 2014 3489 Et
2059 3425 2362 3488 discessit
2421 3424 2500 3488 ob
2547 3444 2624 3488 eo
2671 3425 2870 3506 lepra.
2963 3423 3064 3488 44.
3111 3419 3188 3483 Et

602 3532 696 3595 ait
739 3529 867 3593 illi:
939 3529 1127 3606 Uide‚
1203 3528 1438 3592 nemini
1487 3529 1763 3618 dixeris3
1828 3530 1941 3593 sed
1989 3530 2353 3595 demonstra
2398 3535 2465 3594 te
2513 3529 2852 3610 sacerdoti,
2918 3535 2985 3595 et
3049 3524 3193 3589 offer

600 3653 714 3716 pro
762 3636 1138 3716 purgatione
1186 3639 1302 3699 tua
1348 3653 1515 3716 quae
1565 3637 1894 3716 praecepit
1953 3636 2214 3718 Moyzes
2259 3637 2322 3699 in
2372 3618 2803 3700 testimonium
2852 3635 2999 3700 illis.
3087 3628 3188 3693 45.

602 3741 750 3821 Ipse
795 3744 1009 3802 autem
1058 3756 1354 3819 egressus
1421 3739 1634 3821 coepit
1697 3740 2066 3821 praedicare
2111 3746 2177 3804 et
2223 3738 2549 3804 diffamare
2595 3758 2949 3804 sermonem
2997 3739 3083 3801 ita
3126 3736 3192 3796 ut

599 3845 725 3908 iam
773 3862 895 3908 non
942 3848 1163 3924 posset
1208 3844 1417 3924 palam
1465 3844 1528 3907 in
1555 3845 1821 3908 ciuitate
1866 3845 2153 3924 introire,
2173 3844 2287 3908 sed
2334 3842 2505 3910 foras
2535 3846 2599 3908 in
2633 3845 2884 3910 deserta
2928 3845 3067 3909 loca
3088 3857 3184 3903 ue-

600 3948 864 4012 niebant
909 3948 991 4012 ad
1036 3948 1230 4012 illum.

802 4155 901 4223 11.
951 4161 1004 4221 l.
1039 4157 1127 4222 Et
1155 4157 1387 4221 iterum
1419 4158 1596 4222 benit
1629 4155 2077 4238 Capharnaum
2112 4161 2258 4237 post
2288 4157 2459 4235 dies;
2493 4160 2559 4221 et
2589 4157 2880 4222 auditum
2905 4160 3003 4222 est
3025 4148 3182 4235 quod

597 4262 662 4326 in
692 4262 876 4326 domo
905 4266 1095 4336 esset,
1145 4264 1201 4325 2.
1232 4266 1297 4326 et
1322 4265 1760 4327 conuenerunt
1784 4262 1983 4340 multi,
2011 4263 2103 4327 ita
2126 4262 2347 4326 utiam
2376 4281 2490 4326 nec
2514 4263 2596 4326 ad
2621 4261 2874 4327 ianuam
2916 4257 3182 4343 caperet,

598 4371 664 4431 et
693 4367 1075 4446 loquebatur
1104 4366 1185 4430 ad
1219 4385 1329 4432 eos
1361 4369 1643 4432 uerbum.
1694 4370 1755 4433 3.
1802 4367 1890 4430 Et
1920 4366 2189 4431 ueniunt
2219 4367 2298 4431 ad
2347 4367 2530 4432 illum
2573 4366 2850 4431 ferentes
2896 4357 3184 4448 paralyti-

599 4491 738 4534 cum
788 4473 852 4534 in
900 4470 1218 4552 grabatto,
1274 4473 1336 4535 4.
1400 4471 1484 4536 Et
1532 4489 1671 4535 cum
1720 4471 2023 4536 accedere
2070 4491 2195 4537 nou
2245 4480 2506 4552 possent
2554 4490 2706 4553 prae
2752 4469 3178 4542 multitudine,

599 4577 976 4640 detexerunt
1021 4578 1282 4659 tectum,
1331 4574 1440 4639 ubi
1474 4580 1632 4655 erat,
1696 4579 1764 4640 et
1810 4576 2262 4642 summiserunt
2308 4575 2683 4667 grabbatum
2732 4575 2792 4640 in
2841 4593 2966 4656 quo
3014 4585 3179 4656 para·

596 4680 825 4765 lyticus
871 4679 1138 4746 iacebat.
1187 4682 1245 4747 5.
1296 4678 1454 4746 Cum
1499 4678 1778 4746 uidisset
1823 4685 2035 4746 autem
2082 4680 2275 4745 Jesus
2320 4678 2508 4744 fidem
2559 4680 2838 4761 illorum,
2887 4682 2979 4744 ait
3008 4690 3177 4759 para-

595 4778 831 4868 lyticos
886 4785 1033 4863 Fili,
1080 4787 1344 4851 remissa
1391 4790 1543 4850 sunt
1585 4784 1704 4850 tibi
1750 4790 1995 4867 pecata.
2054 4788 2113 4851 6.
2160 4786 2364 4851 Erant
2408 4790 2624 4848 autem
2673 4781 2760 4848 ibi
2807 4784 3064 4866 quidam
3108 4775 3208 4864 de.
