3484 5617
549 463 590 527 2
1282 454 1648 522 Euangelium
1689 452 1989 509 secundum
2029 453 2386 510 Matthaenm.
3002 454 3059 508 C.
3097 460 3148 509 2.

553 686 871 750 congrega
917 714 1193 733 .....
1261 667 1662 732 sacerdotum
1725 674 1792 731 et
1849 664 2098 730 scribas
2162 663 2401 748 populi,
2473 668 2538 729 et
2601 665 3025 747 interrogauit
3071 668 3151 732 ab

550 774 646 838 eis
712 773 819 837 ubi
884 770 1179 837 Christus
1240 776 1626 839 nasceretur.
1718 771 1778 835 5.
1841 770 1940 834 Ad
2019 768 2111 833 illi
2175 768 2470 833 dixerunt
2533 769 2623 833 ei:
2697 771 2761 833 in
2822 769 3154 835 Bethleem

551 877 874 943 ciuitatem
923 875 1211 954 Judaea;
1293 874 1350 939 5.
1402 875 1496 940 sic
1542 876 1710 939 enim
1762 875 1999 942 dictum
2048 878 2146 939 est
2193 892 2303 955 per
2352 875 2763 957 prophetam:
2846 876 2901 938 6.
2952 876 3038 941 Et
3080 880 3151 942 tu

550 981 884 1047 Bethleem
934 979 976 1046 J
984 981 1183 1046 udaea
1231 1000 1353 1046 non
1418 986 1484 1045 et
1530 973 1792 1050 minima
1836 981 2007 1046 inter
2040 979 2243 1061 princi
2292 1028 2562 1044 .....
2629 981 2801 1045 exiet
2835 980 3150 1063 princeps,

552 1086 660 1168 qui
706 1092 886 1170 regat
931 1084 1233 1168 populum
1282 1104 1490 1152 meum
1538 1084 1833 1154 Istrahel.
1907 1087 1965 1151 7.
2012 1084 2191 1150 Tunc
2240 1083 2533 1149 Herodes
2601 1086 2847 1150 occulte
2896 1087 3154 1153 uocauit

552 1191 631 1255 ad
696 1211 765 1258 se
825 1210 1043 1273 magos
1104 1195 1168 1255 et
1216 1190 1557 1273 diligenter
1600 1189 1951 1272 exquisibit
1997 1189 2074 1254 ab
2122 1190 2215 1253 eis
2262 1193 2512 1270 tempus
2559 1189 2811 1269 quando
2857 1193 3154 1271 apparuit

556 1297 649 1362 eis
744 1296 948 1374 stella,
1041 1299 1099 1362 8.
1178 1299 1243 1360 et
1316 1295 1492 1361 misit
1552 1292 1695 1359 illos
1775 1294 1840 1358 in
1906 1292 2238 1359 Bethleem
2324 1293 2579 1359 dicens:
2659 1294 2755 1358 Ite
2827 1299 2892 1359 et
2958 1297 3151 1361 inter·

552 1406 772 1482 rogate
820 1398 1160 1481 diligenter
1223 1400 1302 1464 de
1364 1418 1581 1480 puer0,
1629 1404 1694 1464 et
1765 1418 1904 1463 cum
1967 1398 2358 1476 inueneritis,
2428 1399 2793 1463 renuntiate
2848 1398 3017 1479 mihi,
3081 1406 3150 1466 ut

553 1510 616 1570 et
675 1523 792 1587 ego
855 1505 1104 1570 ueniam
1169 1509 1234 1569 et
1281 1504 1539 1568 adorem
1594 1522 1754 1568 eum.
1821 1505 1879 1567 9.
1946 1503 2067 1581 Qui
2131 1522 2269 1568 cum
2318 1503 2644 1568 audissent
2696 1523 2933 1587 regem,
2982 1504 3150 1568 abie-
3277 1539 3286 1544 ⁴

551 1614 722 1676 runt.
814 1610 902 1676 Et
970 1627 1138 1692 ecce,
1201 1608 1406 1688 stella,
1471 1626 1661 1689 quam
1721 1609 2020 1674 uiderant
2092 1607 2156 1672 in
2220 1609 2483 1688 oriente,
2561 1608 2975 1674 antecedebat
3044 1627 3155 1674 eos

553 1732 754 1796 usque
801 1715 947 1780 dnm
998 1715 1176 1779 uenit
1222 1718 1288 1778 et
1335 1713 1517 1779 stetit
1571 1731 1768 1796 supra
1800 1732 2085 1795 puerum.
2139 1716 2235 1778 10.
2287 1710 2599 1780 Uidentes
2646 1716 2854 1780 autem
2903 1715 3153 1779 stellam

554 1819 759 1900 ganisi
829 1824 977 1885 sunt
1045 1818 1277 1901 gaudio
1337 1836 1564 1899 magno
1616 1816 1825 1883 ualde.
1924 1821 2019 1883 11.
2084 1816 2175 1881 Et
2237 1818 2547 1885 intrantes
2615 1819 2676 1882 in
2748 1819 3003 1885 domum
3063 1819 3155 1884 in-

553 1928 868 1989 uenerunt
941 1941 1201 2006 puerum
1266 1942 1412 1988 cum
1473 1921 1700 2001 Maria,
1779 1925 1983 1988 matre
2061 1921 2219 2002 eiuS,
2306 1928 2371 1988 et
2452 1923 2858 2005 procidentes
2937 1924 3154 1990 adora-

555 2033 789 2093 uerunt
832 2046 1011 2110 eum;
1059 2033 1127 2093 et
1174 2028 1415 2110 apertis
1462 2028 1829 2093 thensauris
1876 2028 2013 2094 suis
2060 2027 2433 2108 optulerunt
2478 2029 2536 2093 ei
2582 2047 2878 2094 munera:
2928 2049 3155 2095 aurum

556 2139 662 2198 tus
720 2137 787 2199 et
843 2151 1140 2199 murram.
1238 2135 1334 2198 12.
1399 2132 1485 2198 Et
1543 2132 1851 2197 admoniti
1902 2182 2176 2196 .....
2244 2133 2326 2198 ad
2386 2133 2723 2212 Herodem,
2787 2154 2900 2216 per
2970 2134 3157 2199 aliam

557 2238 727 2304 uiam
793 2239 1070 2321 regressi
1139 2241 1290 2303 sunt
1355 2238 1417 2303 in
1481 2256 1657 2303 suam
1725 2240 2066 2318 regionem.
2167 2240 2261 2303 13.
2334 2239 2457 2316 Qui
2521 2258 2660 2303 cum
2723 2240 3157 2314 recessissent,

557 2362 705 2409 ecce
773 2344 1041 2427 angelus
1109 2342 1346 2408 domini
1418 2343 1718 2425 apparuit
1776 2342 1841 2406 in
1902 2343 2143 2408 somnis
2203 2341 2446 2426 Joseph
2508 2343 2759 2408 dicens:
2837 2341 3038 2427 Surge
3098 2350 3160 2410 et

560 2448 778 2532 accipe
849 2468 1115 2530 puerum
1193 2451 1259 2511 et
1326 2457 1589 2513 matrem
1661 2448 1800 2512 eius
1870 2453 1935 2512 et
2003 2446 2153 2530 fuge
2222 2449 2285 2513 in
2348 2449 2702 2532 Aegyptum
2766 2455 2832 2515 et
2891 2455 3028 2515 esto
3072 2450 3159 2514 ibi

558 2571 761 2635 usque
786 2604 798 2615 .
823 2607 833 2619 .
858 2602 872 2616 .
898 2606 908 2617 .
932 2558 1031 2619 est
1053 2554 1218 2618 enim
1247 2551 1626 2638 uthHerodes
1648 2556 1916 2634 quaerat
1941 2570 2211 2635 puerum
2235 2551 2426 2619 istum
2449 2554 2735 2634 perdere.
2766 2555 2858 2619 14.
2881 2553 3158 2637 Surgens

559 2663 771 2726 autem
797 2657 837 2724 J
841 2658 1040 2740 oseph
1065 2659 1312 2741 aceepit
1341 2675 1608 2740 puerum
1633 2661 1699 2724 et
1722 2661 1989 2721 matrem
2020 2657 2163 2722 eius
2194 2663 2400 2738 nocte,
2420 2662 2485 2722 et
2515 2658 2672 2724 abiit
2691 2660 2754 2723 in
2783 2659 3156 2743 Aegyptum,

562 2766 660 2830 15.
709 2768 776 2829 et
820 2768 961 2828 erat
1005 2763 1092 2829 ibi
1128 2782 1330 2846 usque
1364 2763 1446 2828 ad
1481 2762 2085 2828 consummationem
2133 2760 2426 2841 HerodiS,
2477 2768 2547 2828 ut
2594 2764 2966 2845 impleretur
2996 2764 3159 2845 quod

534 2870 797 2935 dictum
822 2871 921 2946 est
945 2887 983 2934 a
1006 2869 1258 2935 domino
1306 2886 1423 2950 per
1440 2867 1813 2952 prophetam
1850 2867 2200 2933 dicentem:
2250 2868 2349 2932 Ex
2379 2873 2672 2951 Aegypto
2707 2869 2931 2933 uocaui
2964 2867 3161 2932 filium

559 2979 785 3039 meum.
881 2975 979 3039 16.
1032 2972 1209 3039 Tunc
1258 2972 1570 3051 Herodes,
1632 2977 1702 3037 ut
1765 2972 1930 3037 uidit
1992 2972 2286 3053 quoniam
2351 2972 2616 3039 delusus
2679 2978 2777 3039 est
2838 2993 2874 3037 a
2939 2974 3159 3054 magiS‚

559 3083 764 3147 iratus
795 3085 895 3145 est
925 3079 1115 3144 ualde
1144 3082 1211 3142 et
1235 3079 1409 3143 misit
1434 3082 1499 3144 et
1536 3078 1772 3143 occidit
1802 3096 2020 3143 omnes
2053 3095 2305 3160 pueros,
2341 3077 2449 3158 qui
2499 3082 2685 3142 erant
2731 3079 2794 3142 in
2831 3077 3160 3142 Bethleem

534 3190 628 3249 et
685 3185 975 3250 omnibus
1033 3182 1268 3249 finibus
1330 3180 1470 3249 eius
1533 3202 1570 3247 a
1638 3183 1879 3247 bimatu
1919 3186 1984 3246 et
2030 3181 2213 3262 infra,
2278 3182 2623 3247 secundum
2680 3186 2931 3264 tempus
2996 3183 3162 3263 quod

563 3284 956 3370 exquisierat
1020 3307 1058 3352 a
1118 3288 1337 3370 magis.
1414 3289 1511 3352 17.
1560 3287 1736 3351 Tunc
1799 3286 2210 3368 adimpletum
2261 3291 2359 3351 est
2407 3286 2572 3367 quod
2622 3286 2860 3351 dictum
2908 3293 3005 3353 est
3052 3306 3164 3368 per

564 3393 953 3459 Hieremiam
1017 3392 1391 3474 prophetam
1455 3392 1802 3468 dicentem:
1886 3394 1983 3457 18.
2035 3390 2177 3456 on
2239 3393 2302 3456 in
2349 3391 2553 3456 Rama
2599 3391 2819 3456 audita
2866 3397 2983 3470 est,
3030 3393 3164 3472 plo-

564 3505 743 3564 ratus
775 3502 840 3561 et
878 3497 1158 3562 ululatus
1203 3496 1474 3577 multus3
1522 3494 1756 3561 Rachel
1806 3497 2061 3576 plorans
2109 3494 2271 3561 filios
2320 3514 2467 3561 suos
2519 3548 2527 3558 .
2567 3547 2580 3559 .
2632 3547 2646 3561 .
2696 3548 2709 3561 .
2762 3547 2774 3559 .
2826 3496 3164 3569 consolari,

571 3605 722 3685 quia
780 3621 904 3668 non
969 3606 1135 3668 sunt.
1218 3606 1315 3669 19.
1378 3601 1695 3667 Defuncto
1756 3606 1967 3665 autem
2014 3600 2269 3666 Herode
2332 3615 2480 3666 ecce
2549 3602 2844 3682 apparuit
2896 3602 3166 3682 angelus

567 3708 805 3775 domini
839 3709 901 3772 in
938 3708 1175 3773 somnis
1205 3705 1449 3789 Joseph
1481 3709 1542 3771 in
1579 3708 1868 3788 Aegypto
1902 3707 2153 3772 dicens:
2189 3708 2291 3771 20.
2326 3705 2523 3789 Surge
2554 3711 2623 3771 et
2656 3707 2872 3789 accipe
2896 3727 3161 3790 puerum

568 3818 633 3878 et
677 3817 942 3878 matrem
989 3814 1136 3877 eius
1184 3817 1250 3877 et
1295 3813 1459 3878 uade
1506 3813 1571 3876 in
1635 3817 1869 3876 terram
1916 3811 2225 3890 Istrahe13
2299 3811 2580 3877 defuncti
2629 3816 2778 3875 sunt
2824 3814 3010 3891 enim,
3058 3813 3165 3893 qui

569 3918 960 4002 quaerebant
1007 3919 1279 3983 animam
1315 3966 1530 3982 .....
1579 3920 1682 3982 21.
1732 3917 1820 3980 Et
1865 3935 2131 3998 surgens
2176 3919 2426 4000 accepit
2470 3936 2754 4001 puerum,
2792 3922 2858 3981 et
2901 3922 3163 3982 matrem

538 4024 707 4088 ‘eius
754 4028 819 4088 et
864 4022 1045 4087 uenit
1093 4024 1153 4087 in
1201 4027 1433 4087 terram
1503 4021 1800 4086 Istrahel.
1864 4023 1968 4087 22.
2018 4021 2306 4087 Audiens
2367 4027 2590 4113 autem·
2642 4021 2810 4103 quod
2858 4020 3162 4085 Arcelaus

564 4131 863 4209 regnaret
909 4127 971 4190 in
1018 4125 1269 4191 Judaea
1316 4145 1431 4207 pro
1484 4126 1738 4190 Herode
1771 4140 1954 4207 patre
1986 4145 2120 4207 suo,
2171 4128 2383 4192 timuit
2412 4128 2521 4192 illo
2555 4128 2665 4208 ire,
2713 4131 2779 4192 et
2806 4122 3166 4189 admonitus

566 4233 632 4296 in
696 4232 950 4310 somniS,
1012 4232 1279 4296 secessit
1327 4231 1388 4294 in
1435 4234 1650 4312 partes
1698 4230 2004 4295 Galileae.
2077 4233 2177 4297 23.
2229 4232 2311 4297 Et
2357 4233 2552 4323 uenit,
2634 4237 2697 4297 et
2740 4228 3058 4295 habitauit
3102 4229 3166 4293 in

544 4336 914 4419 ciuitatem,
980 4353 1143 4416 quae
1203 4339 1473 4400 uocatur
1518 4333 1859 4414 Nazareth,
1929 4340 2000 4401 ut
2045 4337 2503 4419 adimpleretur
2565 4337 2730 4418 quod
2787 4336 3024 4401 dictum
3070 4337 3169 4398 est

567 4459 683 4524 per
730 4439 1123 4522 prophetam,
1172 4439 1471 4521 quoniam
1519 4459 1832 4505 nazoreus
1879 4441 2227 4507 uocabitur.

774 4645 909 4716 ΙΙΙ.
984 4653 1038 4716 1.
1104 4650 1176 4714 In
1227 4650 1355 4716 illis
1418 4652 1641 4716 diebus
1706 4653 1886 4717 uenit
1947 4652 2270 4716 Jobannes
2316 4651 2609 4733 Baptista
2675 4651 3047 4732 praedicans
3108 4651 3171 4714 in

572 4756 828 4822 deserto
876 4753 1142 4836 Judeae,
1191 4759 1257 4824 et
1302 4757 1552 4822 dicens:
1605 4758 1664 4821 2.
1688 4757 2149 4839 paenitentiam
2183 4755 2375 4838 agite,
2423 4753 2960 4836 adpropinquauit
3004 4751 3171 4819 enim
