3484 5617
628 458 752 522 114
1396 453 1760 522 Euangelium
1815 454 2113 509 secundum
2151 455 2451 511 Lucanum.
3028 460 3084 514 C.
3119 468 3195 514 22.

624 665 1002 753 extendistis
1048 666 1110 728 in
1160 683 1259 727 me
1308 682 1553 744 manus,
1601 666 1714 729 sed
1761 664 1923 730 haec
1970 665 2128 730 hora
2173 670 2272 730 est
2319 671 2539 732 uestra
2582 673 2648 732 et
2695 671 2980 749 potestas
3023 675 3199 736 tene-

623 770 898 835 brarum.
965 770 1068 833 54.
1139 769 1226 833 Et
1273 769 1794 851 comprehensum
1855 769 2035 834 illum
2101 770 2412 835 duxerunt
2473 772 2539 836 in
2587 773 2840 837 domum
2910 775 3202 859 principis

624 875 1046 939 sacerdotum.
1096 874 1324 940 Petrus
1357 893 1511 938 uero
1544 874 1937 956 sequebatur
1968 875 2147 940 illum
2193 895 2231 940 a
2277 878 2477 957 longe.
2527 878 2628 943 55.
2681 878 2965 943 Accenso
2998 885 3199 945 autem

623 979 754 1059 igni
799 979 864 1042 in
909 980 1120 1043 medio
1168 980 1339 1044 atrio
1387 986 1455 1043 et
1513 980 2146 1058 circumsedentibuS,
2210 981 2476 1046 sedebat
2521 986 2584 1046 et
2634 982 2861 1047 Petrus
2909 983 2973 1046 in
3005 983 3202 1050 medio

625 1101 862 1148 eorum.
908 1084 1010 1150 56.
1064 1084 1264 1160 Quem
1313 1102 1452 1147 cum
1502 1084 1665 1149 uidit
1710 1085 1945 1149 ancilla
1991 1085 2319 1150 sedentem
2352 1085 2432 1151 ad
2467 1086 2698 1168 lumen,
2746 1087 3005 1151 intuens
3036 1088 3201 1153 illum

627 1187 802 1253 dixit.
870 1188 959 1253 Et
1004 1188 1108 1252 hic
1154 1188 1233 1252 de
1285 1190 1378 1254 eis
1426 1194 1544 1263 est,
1614 1190 1719 1271 qui
1783 1207 1921 1254 cum
1985 1191 2123 1271 ipso
2186 1194 2369 1254 erant
2430 1208 2699 1272 semper.
2768 1192 2871 1256 57.
2943 1191 3042 1256 Ad
3108 1192 3206 1258 ille

628 1294 893 1374 negauit
938 1293 1192 1359 dicens:
1241 1293 1496 1375 Mulier,
1546 1313 1671 1357 non
1717 1294 1868 1357 noui
1914 1293 2115 1357 illum.
2161 1294 2264 1358 58.
2316 1292 2402 1358 Et
2449 1293 2678 1357 iterum
2727 1298 2874 1376 post
2920 1296 3204 1376 pusillum

626 1398 854 1462 uidens
901 1415 1046 1461 eum
1093 1398 1220 1462 alia
1267 1397 1461 1462 dixit:
1531 1397 1762 1480 Homo,
1826 1403 1891 1462 et
1935 1401 2006 1461 tu
2068 1416 2206 1461 cum
2245 1448 2258 1462 .
2302 1448 2315 1461 .
2354 1446 2369 1461 .
2407 1415 2550 1461 eras
2613 1414 2885 1478 semper.
2955 1400 3075 1477 Qui
3119 1420 3206 1466 re-

624 1503 918 1584 spondit:
990 1504 1133 1569 Non
1181 1522 1318 1568 sum
1363 1520 1499 1584 ego.
1569 1505 1674 1568 59.
1750 1502 1838 1567 Et
1883 1501 2225 1567 interuallo
2292 1501 2460 1568 facto
2528 1501 2725 1567 horae
2794 1504 2987 1570 unius
3052 1505 3205 1570 alius

625 1608 1011 1673 contendens
1073 1608 1264 1672 dixit:
1332 1606 1506 1673 Uere
1566 1612 1633 1672 et
1677 1607 1781 1670 hic
1826 1626 1968 1671 cum
2031 1606 2141 1671 illo
2189 1610 2347 1684 erat,
2419 1626 2564 1685 nam
2614 1612 2679 1672 et
2724 1607 3054 1674 Galilaeus
3097 1613 3204 1675 est.

626 1712 727 1776 60.
773 1712 862 1777 Et
905 1713 998 1777 ait
1045 1713 1308 1776 Petrus:
1356 1712 1583 1788 Home,
1631 1711 1869 1791 nescio,
1919 1711 2072 1794 quid
2119 1710 2314 1777 dicas.
2377 1711 2462 1776 Et
2507 1713 2809 1778 continuo
2858 1713 3064 1778 adhuc
3105 1713 3204 1781 illo

627 1818 928 1898 loquente
973 1816 1178 1899 gallus
1227 1816 1536 1881 cantauit.
1588 1818 1687 1881 61.
1737 1816 1823 1881 Et
1866 1834 2221 1883 conuersus
2265 1815 2563 1883 dominus
2610 1817 2898 1899 respexit
2944 1818 3204 1884 Petrum.

623 1921 712 1985 Et
757 1926 1219 1986 rememoratus
1240 1926 1345 1986 est
1375 1923 1604 1987 Petrus
1652 1922 1919 1990 uerbum
1968 1921 2203 1986 domini
2249 1921 2413 1985 sicut
2459 1921 2625 1986 (lixit
2670 1921 2800 1986 illi:
2855 1922 3205 2004 priusquam

624 2025 833 2107 gallus
879 2030 1113 2104 cantet,
1177 2029 1274 2091 ter
1319 2044 1421 2091 me
1466 2024 1731 2108 negabis
1778 2026 1968 2092 hodie
2016 2045 2221 2092 nosse.
2294 2027 2397 2091 63.
2462 2026 2551 2090 Et
2595 2026 2718 2091 uiri
2764 2027 2874 2108 qui
2922 2028 3207 2092 tenebant

626 2148 789 2208 eum,
861 2130 1242 2196 inludebant
1314 2150 1459 2195 eum
1523 2132 1844 2196 dicentes:
1918 2131 2292 2212 prophetiza
2353 2131 2554 2210 nobiS‚
2625 2133 2767 2213 quis
2814 2135 2936 2214 est,
3004 2132 3109 2212 qui
3150 2137 3208 2195 te

626 2236 993 2317 percussit?
1056 2239 1119 2299 et
1164 2236 1291 2300 alia
1354 2236 1555 2300 multa
1621 2235 2142 2318 blasphemantes
2192 2243 2256 2301 et
2302 2237 2589 2302 dicentes
2634 2237 2703 2302 in
2748 2255 2918 2301 eum.
2992 2238 3092 2303 66.
3133 2234 3211 2298 Et

629 2345 703 2404 ut
747 2338 957 2406 factus
1026 2345 1126 2405 est
1173 2341 1330 2418 dies,
1393 2343 1696 2406 conuenit
1759 2339 2208 2422 presbiterium
2278 2341 2485 2424 plebis
2531 2345 2598 2405 et
2645 2341 2981 2424 principes
3025 2357 3213 2404 sacer-

629 2446 848 2528 dotum
897 2449 962 2509 et
1007 2445 1256 2510 scribae
1303 2450 1370 2510 et
1416 2446 1732 2511 duxerunt
1777 2445 1957 2510 illum
2001 2445 2068 2509 in
2117 2445 2452 2511 concilium
2503 2465 2684 2511 suum
2753 2449 2819 2510 et
2864 2447 3215 2526 interroga·

627 2549 781 2614 bant
828 2568 990 2625 eum,
1062 2551 1379 2616 dicentes:
1452 2549 1518 2614 Si
1565 2555 1633 2614 tu
1681 2568 1753 2617 es
1803 2548 2118 2634 ChristuS,
2168 2551 2269 2615 dic
2315 2549 2545 2616 nobis?
2615 2553 2715 2618 67.
2766 2550 2890 2615 Ait:
2933 2549 3090 2615 illis:
3153 2545 3211 2612 Si

630 2655 814 2720 uobis
876 2654 1122 2736 dixer0,
1204 2673 1329 2721 non
1400 2656 1682 2735 creditis,
1752 2655 1856 2720 68.
1925 2655 1981 2719 si
2050 2657 2555 2739 interrogauero,
2626 2673 2753 2721 non
2819 2652 3209 2738 respondetis

629 2760 802 2840 mihi,
852 2777 1055 2841 neque
1103 2760 1458 2826 dimittetis.
1522 2764 1623 2828 69.
1687 2761 1787 2825 Ex
1832 2761 1952 2826 hoc
1998 2766 2211 2826 autem
2274 2759 2443 2825 filius
2504 2762 2629 2825 erit
2673 2757 3207 2836 hominissedens

631 2885 668 2930 a
717 2866 960 2933 dextris
1006 2867 1272 2930 uirtutis
1320 2866 1443 2932 dei.
1494 2868 1593 2933 70.
1645 2866 1729 2931 Et
1785 2867 2081 2931 dixerunt
2125 2884 2376 2932 omnes:
2426 2870 2497 2930 tu
2545 2883 2697 2947 ergo
2744 2883 2815 2930 es
2860 2863 3031 2929 filius
3073 2859 3208 2926 dei?

627 2970 738 3035 Ait
798 2975 1011 3036 autem
1073 2970 1234 3036 illis:
1306 2971 1440 3036 Uos
1503 2970 1736 3051 dicitis,
1807 2972 1977 3052 quod
2024 2989 2140 3053 ego
2186 2987 2346 3035 sum.
2412 2972 2512 3035 71.
2575 2970 2677 3035 Ad
2739 2968 2834 3035 illi
2892 2969 3206 3034 dixerunt:

631 3074 796 3152 Quid
842 3074 1052 3139 adhuc
1082 3074 1529 3141 desideramus
1560 3076 1992 3142 testimonium
2020 3076 2051 3138 ⁴?
2097 3074 2460 3140 audiuimus
2492 3073 2659 3138 enim
2706 3074 2786 3139 de
2834 3092 2948 3139 ore
3002 3070 3205 3152 ipsius.

831 3280 1112 3349 XXIII.
1166 3286 1220 3347 1.
1247 3283 1334 3347 Et
1380 3301 1691 3364 exurgens
1738 3284 1941 3348 omnis
1988 3283 2328 3358 multitudo
2375 3282 2628 3347 illorum
2678 3283 3000 3347 duxerunt
3044 3277 3209 3342 illum

628 3389 710 3453 ad
778 3387 1073 3453 Pilatum.
1180 3390 1239 3452 2.
1311 3385 1676 3467 Coeperunt
1744 3392 1956 3452 autem
2024 3405 2325 3452 accusare
2395 3385 2575 3451 illum
2643 3386 2970 3452 dicentes:
3041 3381 3208 3446 Hune

631 3492 992 3558 inuenimus
1038 3493 1518 3558 subuertentem
1565 3497 1822 3574 gentem
1868 3498 2150 3557 nostram
2197 3497 2265 3557 et
2295 3492 2648 3560 soluentem
2681 3491 2891 3574 legem
2946 3490 3206 3553 nostram

631 3602 698 3662 et
740 3597 1100 3680 Prophetas
1167 3601 1233 3662 et
1302 3596 1745 3678 prohibentem
1812 3597 2053 3662 tributa
2121 3597 2257 3662 dari
2329 3597 2575 3662 caesari
2642 3599 2708 3660 et
2775 3596 3093 3660 dicentem
3146 3602 3208 3650 se

633 3699 956 3783 Christum
981 3721 1192 3784 regem
1216 3720 1379 3768 esse.
1413 3704 1472 3768 3.
1506 3703 1988 3767 Pilatus-autem
2020 3702 2307 3779 audiens,
2334 3700 2755 3782 interrogauit
2786 3718 2930 3765 eum
2966 3697 3208 3762 dicens:

629 3806 840 3872 Tues
901 3824 1014 3871 rex
1076 3807 1518 3872 Judaeorum?
1589 3807 1686 3871 Ad
1747 3806 1857 3872 ille
1928 3807 2323 3888 respondens
2385 3806 2508 3872 ait:
2579 3805 2674 3870 Tu
2737 3805 2915 3869 dicis.
2984 3800 3046 3864 4.
3113 3792 3214 3858 Ait

630 3916 843 3976 autem
912 3910 1159 3976 Pilatus
1246 3912 1323 3975 ad
1397 3912 1719 3994 principes
1788 3911 2189 3977 sacerdotum
2257 3917 2326 3976 et
2392 3911 2650 3976 turbas:
2721 3907 2899 3974 Nihil
2965 3896 3214 3969 inuenio

634 4033 863 4080 causae
911 4015 974 4083 in
1020 4014 1139 4081 hoc
1184 4015 1457 4081 homine.
1530 4017 1588 4082 5.
1635 4017 1734 4082 Ad
1790 4015 1886 4080 illi
1937 4015 2434 4095 inualescebant,
2483 4015 2800 4080 dicentes:
2854 4005 3217 4076 Commouet

630 4118 932 4201 populum
1003 4138 1120 4202 per
1187 4121 1549 4185 uniuersam
1593 4119 1924 4199 Judaeam‚
1991 4119 2303 4199 incipiens
2364 4138 2402 4183 a
2470 4118 2762 4184 Galilaea
2830 4130 3036 4196 usque
3101 4107 3217 4170 huc

630 4225 690 4288 6.
726 4223 983 4289 Pilatus
1030 4228 1244 4291 autem
1291 4227 1559 4290 audiens
1593 4224 1972 4304 Galilaeam,
2017 4224 2462 4307 interrogauit,
2511 4224 2567 4289 si
2612 4243 2650 4287 a
2697 4222 2988 4288 Galilaea
3036 4213 3217 4278 homo

633 4333 823 4394 esset.
875 4330 932 4393 7.
982 4329 1067 4395 Et
1115 4336 1182 4395 ut
1227 4330 1545 4414 cognouit,
1596 4330 1763 4411 quod
1814 4331 1892 4395 de
1939 4327 2219 4394 Herodi-s
2266 4332 2588 4412 potestate
2635 4333 2754 4408 est,
2824 4323 3004 4390 misit
3045 4314 3216 4381 illum

631 4433 712 4497 ad
758 4431 1079 4513 Heroden,
1144 4435 1363 4516 quiin
1425 4433 1889 4517 Hierosolymis
1951 4439 2089 4498 erat
2157 4434 2396 4499 inillis
2465 4432 2711 4498 diebus.
2791 4434 2850 4499 8.
2932 4415 3217 4490 Herodes

630 4542 864 4618 autem,
928 4539 1066 4604 uiso
1112 4539 1290 4618 Jesu,
1339 4541 1605 4623 gauisus
1652 4545 1753 4604 est
1796 4539 2020 4613 ualde·;
2083 4543 2222 4603 erat
2258 4538 2424 4602 enim
2473 4537 2733 4620 cupiens
2779 4535 2957 4599 illum
3006 4520 3219 4588 uidere

630 4660 709 4706 ex
753 4642 968 4708 multo*
1013 4648 1320 4725 tempore,
1369 4663 1444 4709 eo
1491 4645 1659 4725 quod
1707 4643 1965 4708 audiret
1995 4642 2198 4708 multa
2243 4642 2322 4707 de
2367 4641 2499 4722 illo,
2525 4646 2591 4707 et
2638 4638 2943 4724 sperabat
2974 4629 3217 4707 signum

630 4745 887 4826 aliquod
939 4747 1156 4813 uidere
1201 4750 1280 4814 ab
1326 4767 1402 4814 eo
1450 4746 1606 4813 fieri.
1676 4750 1734 4814 9.
1785 4748 2229 4828 Interrogabat
2274 4751 2485 4811 autem
2533 4765 2676 4812 eum
2721 4740 2940 4810 multis
2986 4738 3213 4799 sermo-
