3484 5617
634 481 723 549 54
1372 475 1736 550 Euangelium
1776 480 2075 535 secundum
2115 477 2446 535 Johannem.
3102 470 3176 530 C.
3231 477 3293 529 7.

635 691 935 756 diabulus
978 693 1122 756 est?
1186 693 1283 759 72.
1333 690 1610 756 Dicebat
1655 696 1867 756 autem
1916 691 1995 755 de
2042 690 2217 755 Juda
2262 687 2516 753 Simone
2565 687 2880 765 Scan-ioth,
2926 686 3035 752 hic
3085 687 3290 751 enim

634 796 987 872 traditurus
1034 816 1179 862 eum
1227 802 1385 878 erat,
1435 815 1577 861 cum
1604 802 1779 861 esset
1825 815 1990 860 unus
2037 795 2116 861 de
2163 795 2306 860 XII.

840 1005 1000 1075 vn.
1054 1009 1104 1072 1.
1167 1007 1322 1070 Post
1387 1005 1545 1071 haec
1604 1004 1973 1070 ambulabat
2017 1004 2207 1070 Jesus
2255 1005 2319 1068 in
2369 1002 2674 1078 Galilaea,
2724 1021 2847 1067 non
2904 1003 3078 1067 enim
3137 1000 3276 1065 ha-

637 1111 829 1184 bebat
872 1115 1256 1193 potestatem
1306 1111 1369 1174 in
1418 1109 1667 1175 Judaea
1712 1110 2056 1188 ambulare,
2122 1108 2270 1190 quia
2323 1108 2559 1173 Judaei
2608 1106 3000 1189 quaerebant
3050 1107 3280 1171 inter·

637 1203 830 1283 ficere
897 1234 1060 1283 eum.
1153 1217 1211 1281 2.
1261 1215 1421 1280 Erat
1490 1219 1703 1280 autem
1779 1216 1844 1279 in
1910 1215 2194 1296 proximo
2264 1213 2403 1278 dies
2465 1201 2791 1280 sollemnis
2855 1211 3280 1277 Judaeorum

637 1322 1072 1403 scenopegiae.
1165 1321 1225 1386 3.
1293 1321 1607 1386 Dixerunt
1652 1321 1853 1403 igitur
1898 1321 1980 1384 ad
2026 1339 2167 1386 eum
2215 1319 2449 1384 fratres
2497 1317 2728 1400 ipsius:
2803 1316 3029 1382 Transi
3078 1317 3277 1397 hinc,

636 1431 701 1490 et
744 1427 907 1490 uade
975 1426 1043 1491 in
1103 1424 1439 1510 Judaeam,
1501 1430 1574 1491 ut
1635 1431 1699 1490 et
1761 1424 2060 1507 discipuli
2128 1423 2223 1489 tui
2284 1424 2544 1489 uideant
2589 1440 2804 1505 opera,
2853 1440 3018 1503 quae
3067 1420 3273 1487 facis.

633 1532 695 1594 4.
744 1526 947 1608 Nemo
993 1531 1161 1595 enim
1223 1530 1465 1613 aliquid
1537 1530 1779 1596 faciens
1827 1531 1888 1593 in
1938 1530 2185 1595 occulto
2242 1528 2493 1611 quaerit
2537 1546 2656 1610 pro
2702 1526 2910 1609 palam
2956 1545 3149 1607 esse;
3209 1528 3277 1592 si

637 1635 795 1701 haec
840 1634 1023 1714 facis,
1086 1636 1427 1701 manifesta
1489 1640 1550 1701 te
1599 1635 1807 1718 ipsum
1868 1635 2018 1699 huic
2063 1636 2314 1699 mundo.
2407 1635 2466 1699 5.
2516 1631 2737 1715 Neque
2792 1631 2958 1698 enim
3006 1631 3272 1697 fratres

638 1741 776 1805 eius
825 1740 1168 1806 credebant
1215 1748 1370 1807 tunc
1415 1741 1480 1805 in
1527 1759 1688 1805 eum.
1754 1744 1813 1807 6.
1863 1740 2039 1805 Dicit
2083 1759 2232 1822 ergo
2279 1741 2373 1805 eis
2419 1738 2647 1804 Jesus:
2705 1738 2980 1819 Tempus
3030 1755 3267 1802 meum

640 1845 920 1910 nondum
966 1845 1260 1925 aduenit;
1310 1850 1562 1930 tempus
1608 1848 1823 1911 autem
1868 1849 2152 1910 uestrum
2200 1862 2454 1927 semper
2482 1848 2580 1909 est
2615 1849 2940 1925 paratum:
2993 1846 3051 1907 7.
3107 1844 3271 1908 Non

633 1954 846 2031 potest
912 1951 1185 2016 mundus
1231 1951 1409 2017 odire
1478 1969 1628 2029 uos;
1676 1968 1776 2015 me
1821 1953 2031 2015 autem
2079 1950 2236 2032 odit,
2298 1948 2453 2032 quia
2500 1967 2615 2029 ego
2662 1946 2969 2015 testificor
3015 1948 3096 2012 de
3153 1967 3270 2028 e0,

640 2055 939 2137 quoniam
1005 2074 1201 2136 opera
1261 2057 1398 2121 eius
1442 2055 1722 2136 pessima
1768 2060 1931 2121 sunt.
2007 2059 2065 2123 8.
2115 2055 2249 2121 Uos
2296 2055 2619 2121 ascendite
2666 2055 2729 2120 in
2778 2055 2944 2120 diem
2989 2052 3266 2133 festum,

642 2179 759 2241 ego
827 2180 953 2225 non
1015 2161 1347 2227 ascendam
1413 2162 1475 2224 in
1549 2161 1714 2225 diem
1761 2159 2013 2239 festum,
2064 2160 2358 2240 quoniam
2405 2163 2655 2238 tempus
2704 2175 2908 2223 meum
2956 2158 3259 2222 nondum

640 2266 1019 2348 completum
1091 2271 1207 2331 est.
1300 2267 1357 2330 9.
1406 2265 1582 2331 Haec
1653 2284 1795 2329 cum
1857 2265 2141 2345 dixisset,
2214 2265 2519 2330 remansit
2564 2264 2701 2346 ipse
2748 2264 2812 2328 in
2863 2261 3253 2330 Galilaeam.

641 2373 744 2437 10.
794 2370 952 2435 Cum
1020 2374 1234 2435 autem
1305 2371 1738 2435 ascenderunt
1799 2368 2033 2435 fratres
2094 2371 2254 2448 eius»,
2315 2374 2468 2433 tunc
2531 2375 2595 2434 et
2641 2370 2780 2449 ipse
2827 2369 3131 2433 ascendit
3181 2370 3245 2432 in

639 2476 801 2540 diem
828 2473 1080 2558 festum,
1118 2488 1243 2540 non
1277 2474 1504 2556 palam,
1540 2475 1650 2541 sed
1685 2476 1950 2540 occulte.
1989 2480 2088 2542 11.
2115 2474 2155 2539 J
2163 2474 2347 2539 udaei
2396 2478 2610 2539 autem
2658 2472 3054 2554 quaerebant
3099 2493 3233 2537 eum

637 2582 698 2644 in
746 2579 912 2645 diem
957 2580 1211 2663 festum,
1262 2580 1586 2645 dicentes:
1635 2579 1746 2644 ubi
1792 2585 1889 2645 est
1936 2579 2095 2644 ille?
2191 2580 2286 2645 12.
2335 2579 2422 2644 Et
2481 2598 2764 2644 murmur
2829 2579 2907 2643 de
2975 2597 3053 2643 eo
3101 2585 3241 2644 erat

638 2701 936 2764 magnum
986 2683 1049 2746 in
1097 2683 1302 2748 turba.
1396 2682 1665 2760 Quidam
1715 2683 1881 2749 enim
1933 2684 2259 2749 dicebant:
2324 2684 2618 2765 quoniam
2665 2684 2870 2749 bonus
2917 2689 3050 2763 est3
3100 2685 3247 2749 alii:

635 2806 779 2862 non,
829 2788 942 2853 sed
1005 2787 1254 2853 seducit
1296 2789 1620 2870 populum.
1703 2791 1802 2856 13.
1851 2788 2050 2853 Nemo
2099 2792 2310 2853 tamen
2360 2791 2422 2853 in
2470 2788 2682 2872 palam
2729 2788 3116 2870 loquebatur
3171 2792 3253 2854 de

635 2911 711 2957 eo
756 2897 1021 2975 propter
1055 2897 1290 2958 metum
1324 2893 1735 2958 Judaeorum.
1791 2896 1887 2959 14.
1926 2893 2085 2959 Cum
2132 2899 2343 2959 autem
2391 2894 2513 2958 iam
2564 2894 2700 2958 dies
2737 2892 2945 2959 festus
2991 2895 3254 2961 medius

635 3001 823 3078 esset,
888 2998 1176 3063 ascendit
1239 2997 1430 3064 Jesus
1498 2999 1560 3061 in
1622 2996 1998 3083 templojet
2045 2999 2329 3065 docebat.
2430 3001 2526 3065 15.
2576 2998 2977 3064 Mirabantur
3028 3007 3253 3066 autem

635 3101 866 3166 Judaei
942 3103 1264 3167 dicentes:
1344 3103 1668 3179 Quomodo
1739 3103 1845 3168 hic
1917 3104 2168 3168 litteras
2237 3105 2437 3180 nouit,
2510 3122 2651 3167 cum
2714 3123 2838 3169 non
2916 3104 3248 3173 didicerit.

640 3210 737 3272 16.
785 3205 1141 3288 Respondit
1200 3211 1413 3271 antem
1460 3207 1651 3271 Jesus
1701 3213 1765 3271 et
1810 3208 2003 3273 dixit:
2068 3208 2216 3273 Mea
2264 3208 2551 3273 doctrina
2597 3227 2722 3273 non
2769 3213 2869 3275 est
2917 3228 3078 3293 mea,
3132 3212 3251 3275 sed

637 3312 773 3375 eius
820 3312 928 3392 qui
978 3330 1075 3375 me
1121 3311 1311 3375 misit.
1407 3314 1501 3377 17.
1552 3312 1619 3377 si
1667 3313 1807 3393 quis
1854 3313 2133 3378 uoluerit
2176 3314 2572 3379 uoluntatem
2621 3314 2793 3378 illius
2839 3313 3072 3398 facere,
3126 3335 3237 3381 co-

637 3420 899 3496 gnoscet
960 3414 1036 3478 de
1108 3416 1416 3494 doctrina,
1487 3419 1700 3479 utrum
1745 3435 1822 3481 ne
1870 3435 1945 3482 ox
2010 3419 2127 3482 deo
2191 3418 2291 3496 sit,
2344 3438 2424 3482 an
2493 3437 2572 3482 ex
2640 3437 2739 3483 me
2808 3420 2947 3499 ipso
2995 3419 3245 3502 loquar.

646 3519 740 3584 18.
793 3518 912 3596 Qui
960 3539 996 3584 a
1045 3521 1387 3602 semetipso
1435 3520 1735 3603 loquitur,
1785 3521 2048 3603 gloriam
2097 3541 2276 3587 suam
2323 3524 2593 3605 quaerit,
2642 3542 2784 3588 nam
2834 3525 2940 3605 qui
2989 3528 3251 3606 quaerit

637 3624 905 3704 gloriam
966 3626 1123 3706 eiuS,
1184 3627 1292 3707 qui
1357 3645 1498 3690 eum
1566 3627 1756 3707 misit,
1819 3646 2015 3692 uerax
2060 3632 2179 3710 est,
2236 3626 2316 3713 set
2362 3628 2667 3709 iniquitas
2714 3629 2776 3692 in
2824 3647 2900 3692 eo
2949 3648 3073 3694 non
3122 3638 3246 3697 est.

640 3730 743 3794 19.
789 3729 1015 3795 Nonne
1061 3730 1320 3814 Moyses
1368 3732 1546 3796 dedit
1592 3731 1773 3796 uobis
1823 3733 2044 3813 legem,
2094 3736 2162 3797 et
2206 3751 2387 3798 nemo
2436 3751 2515 3797 ex
2562 3733 2743 3799 uobis
2790 3731 2945 3798 facit
2975 3733 3246 3817 legem?

642 3836 744 3900 20.
811 3834 976 3912 Quid
1024 3853 1123 3899 me
1171 3834 1481 3916 quaeritis
1545 3836 1884 3901 occidere?
1960 3840 2063 3901 21.
2126 3836 2482 3918 Respondit
2546 3836 2740 3903 Jesus
2785 3844 2852 3904 et
2897 3839 3058 3903 dixit
3108 3841 3242 3906 eis:

635 3938 849 4004 Unum
911 3957 1069 4022 opus
1116 3938 1237 4004 feci
1286 3944 1351 4005 et
1399 3958 1615 4005 omnes
1677 3941 2013 4005 miramini.
2107 3942 2209 4004 22.
2260 3941 2526 4024 Propter
2585 3940 2707 4005 hoc
2754 3941 3013 4026 Moyses
3062 3943 3248 4011 dedit

635 4046 820 4124 uobis
887 4046 1446 4123 circumcisionem,
1519 4045 1671 4127 (non
1732 4044 1901 4126 quod
1950 4063 2027 4109 ex
2099 4044 2363 4127 Moysen
2433 4045 2535 4125 sit,
2610 4046 2722 4111 sed
2791 4065 2869 4112 ex
2938 4048 3244 4130 patribus

633 4149 920 4234 uestris),
969 4154 1034 4232 et
1080 4147 1346 4215 sabbato
1395 4149 1848 4214 circumciditis
1893 4148 2227 4214 hominem.
2275 4149 2376 4216 23.
2423 4148 2490 4214 Si
2541 4151 3080 4218 circumcisionem
3133 4174 3243 4221 ac-

634 4255 792 4337 cipit
850 4255 1035 4319 homo
1107 4255 1174 4320 in
1239 4253 1526 4333 sabbato,
1592 4257 1663 4317 ut
1709 4272 1834 4317 non
1882 4255 2168 4320 soluatur
2215 4255 2315 4320 lex
2365 4242 2593 4339 Moysi,
2660 4256 2815 4321 mihi
2861 4257 3242 4343 irascimini,

634 4360 928 4441 quoniam
999 4363 1204 4437 totum
1270 4357 1590 4423 hominem
1661 4358 1910 4422 saluum
1956 4357 2078 4424 feci
2128 4359 2444 4425 sabbato?
2535 4363 2639 4426 24.
2687 4359 2903 4440 Nolite
2948 4361 3245 4429 iudicare

634 4464 982 4530 secundum
1042 4462 1287 4546 faciem,
1350 4462 1460 4528 sed
1509 4462 1746 4526 iustum
1792 4462 2095 4528 iudicium
2157 4464 2454 4530 iudicate.
2548 4465 2648 4532 25.
2700 4465 3016 4530 Dicebant
3081 4486 3241 4551 ergo

635 4569 888 4651 quidam
936 4587 1013 4634 ex
1061 4567 1695 4651 Hierosolymitanis:
1745 4567 1967 4633 Nonne
2015 4569 2116 4633 bic
2163 4573 2281 4650 est,
2330 4587 2517 4650 quem
2550 4575 2860 4650 quaerant
2892 4571 3243 4638 occidere?

635 4677 737 4754 26.
784 4674 872 4752 Et
917 4692 1063 4739 ecce
1131 4674 1194 4737 in
1254 4673 1465 4754 palam
1527 4673 1810 4753 loquitur
1870 4679 1935 4738 et
1981 4673 2141 4738 nihil
2187 4673 2279 4738 illi
2345 4674 2612 4739 dicunt?
2709 4675 3028 4756 Numquid
3078 4694 3241 4742 uere

637 4784 1072 4864 cognoueruut
1116 4778 1457 4865 priucipeS,
1507 4779 1656 4863 quia
1703 4778 1840 4864 ipse
1888 4784 1987 4846 est
2036 4778 2379 4848 Christus?
2449 4781 2552 4845 27.
2601 4777 2731 4847 sod
2775 4780 2947 4849 hunc
2995 4782 3241 4853 scimus
