3484 5617
373 550 430 604 Ο,
466 555 514 602 9.
1187 539 1545 613 Euangelium
1586 538 1888 596 secundum
1924 540 2182 595 Marcum.
2841 543 2963 610 133

363 777 559 822 suam.
606 758 711 822 41.
764 756 847 820 Et
893 756 1279 837 quicumque
1325 753 1860 818 scandalizauerit
1906 771 2095 817 unum
2145 770 2222 815 ex
2268 750 2367 816 his
2392 754 2645 830 pusillis
2693 753 2962 819 modicis

362 864 791 940 credentibus,
883 861 1115 925 bonum
1210 863 1308 923 est
1383 858 1476 922 illi
1553 858 1754 938 magis
1829 856 2331 921 circumdaretur
2418 858 2588 922 mola
2678 857 2963 925 asinaria

363 968 532 1031 circa
594 965 822 1031 collum
887 966 1048 1044 eius,
1109 971 1176 1028 et
1223 965 1284 1028 in
1348 981 1524 1026 mare
1584 963 1968 1026 mitteretur.
2031 962 2135 1027 42.
2197 961 2284 1026 Et
2344 963 2398 1027 si
2464 962 2856 1028 scandalizat
2897 966 2963 1027 te

360 1088 582 1134 manus
627 1075 757 1146 tua,
828 1069 1086 1134 abscide
1135 1067 1306 1133 illam
1355 1072 1419 1131 et
1466 1067 1681 1148 proice
1727 1067 1841 1131 abs
1890 1071 1990 1144 te3
2042 1064 2271 1131 bonum
2322 1072 2422 1132 est
2491 1066 2605 1132 tibi
2678 1067 2958 1134 debilem

364 1174 629 1237 introire
678 1175 738 1237 in
788 1175 984 1237 uitam
1048 1191 1236 1252 quam
1301 1173 1461 1236 duas
1523 1188 1753 1235 manus
1797 1170 2134 1236 habentem
2181 1170 2276 1236 ire
2324 1171 2386 1236 in
2434 1170 2808 1253 gehennam,
2855 1174 2964 1238 43.

364 1279 472 1343 ubi
517 1285 620 1343 est
666 1279 830 1358 ignis
877 1277 1406 1359 inextinguibiliS‚
1456 1276 1563 1340 ubi
1615 1293 1867 1340 uermes
1912 1294 2128 1340 eorum
2155 1294 2278 1340 non
2312 1276 2666 1342 morientur
2688 1284 2756 1341 et
2800 1277 2966 1358 ignis

362 1401 582 1447 eorum
629 1401 751 1446 non
800 1382 1229 1464 extinguetur.
1298 1382 1399 1444 44.
1469 1380 1555 1444 Et
1601 1382 1654 1445 si
1703 1398 1818 1460 pes
1885 1385 2036 1443 tuus
2107 1379 2506 1444 scandalizat
2551 1386 2635 1460 te,
2705 1390 2965 1462 amputa

363 1485 561 1569 illum,
630 1487 861 1550 bonum
909 1485 1026 1549 tibi
1092 1490 1193 1549 est
1262 1484 1556 1549 claudum
1627 1483 1892 1547 introire
1963 1485 2025 1547 in
2098 1485 2294 1549 uitam
2363 1489 2707 1568 aeternam,
2776 1504 2964 1566 quam

369 1590 526 1653 duos
573 1591 770 1671 pedes
817 1589 1157 1654 habentem
1207 1589 1373 1652 mitti
1424 1589 1485 1652 in
1534 1586 1916 1668 gehennam,
1963 1588 2068 1652 45.
2118 1586 2225 1651 ubi
2275 1605 2525 1655 uermes
2570 1608 2786 1655 eorum
2837 1608 2961 1654 non

362 1695 730 1772 morientur,
803 1699 869 1758 et
916 1695 1082 1773 ignis
1130 1711 1347 1755 eorum
1394 1710 1519 1756 non
1568 1694 1998 1773 extinguetur.
2068 1693 2171 1757 46.
2222 1692 2406 1769 Quod
2452 1693 2507 1758 si
2547 1693 2769 1760 oculus
2814 1699 2964 1758 tuus

362 1798 753 1863 scandalizat
798 1805 880 1875 te,
931 1801 1136 1863 exime
1186 1797 1380 1871 illum,
1408 1796 1636 1860 bonum
1685 1801 1785 1860 est
1829 1796 1946 1860 tibi
1994 1795 2237 1860 luscum
2273 1795 2538 1862 introire
2582 1797 2648 1862 in
2696 1815 2964 1880 regnum

368 1903 490 1980 dei,
541 1920 727 1982 quam
778 1903 936 1965 dnos
985 1903 1201 1966 oculos
1249 1901 1585 1965 habentem
1637 1900 1801 1964 mitti
1867 1902 1929 1964 in
1977 1900 2306 1982 gehenam.
2382 1902 2488 1967 47.
2559 1902 2666 1966 ubi
2714 1920 2966 1966 uermes

364 2025 581 2069 eornm
650 2024 773 2070 non
845 2006 1194 2070 morientur
1263 2010 1328 2068 et
1375 2005 1538 2085 ignis
1609 2022 1832 2069 eorum
1902 2023 2024 2068 non
2090 2005 2519 2087 extinguetur.
2589 2007 2693 2071 48.
2743 2005 2967 2072 Omnis

361 2111 526 2174 enim
578 2109 842 2175 uictima
891 2110 1023 2174 sale
1070 2109 1356 2175 salietur.
1426 2110 1531 2172 49.
1582 2109 1830 2172 Bonum
1875 2112 1976 2171 est
2022 2108 2137 2188 sal,
2186 2108 2353 2189 quod
2401 2110 2457 2174 si
2503 2110 2598 2176 sal
2647 2110 2961 2176 insulsum

363 2215 574 2291 fuerit,
610 2216 673 2279 in
707 2233 833 2295 quo
884 2217 1040 2280 illud
1077 2214 1438 2280 condietis?
1485 2212 1734 2279 Habete
1781 2214 1846 2276 in
1894 2215 2077 2278 uobis
2103 2214 2321 2298 salem,
2370 2219 2437 2280 et
2481 2232 2703 2297 pacem
2734 2213 2966 2280 habete

365 2322 529 2385 inter
583 2339 716 2385 uos.

574 2529 660 2595 X.
715 2533 767 2594 1.
817 2528 903 2594 Et
950 2529 1097 2592 inde
1163 2546 1479 2608 exurgens
1529 2526 1706 2590 uenit
1756 2526 1818 2588 in
1864 2524 2021 2590 fines
2067 2526 2360 2592 Judaeae
2408 2528 2576 2593 ultra
2611 2527 2963 2607 Jordanen,

364 2638 429 2699 et
475 2635 772 2697 conuenit
816 2634 1006 2696 turba
1056 2632 1135 2696 ad
1184 2650 1345 2705 eum,
1396 2631 1562 2694 sicut
1595 2636 2038 2707 consueuerat,
2088 2635 2154 2695 et
2200 2632 2427 2696 iterum
2478 2633 2743 2697 docebat
2799 2633 2962 2699 illos.

365 2740 423 2803 2.
475 2738 561 2800 Et
607 2736 1088 2818 interrogabant
1123 2735 1334 2800 illum:
1384 2736 1437 2798 si
1480 2732 1630 2799 licet
1679 2736 1815 2798 uiro
1864 2754 2124 2799 uxorem
2174 2755 2350 2800 suam
2399 2735 2717 2801 dimittere
2760 2740 2964 2818 temp·

362 2847 574 2906 tantes
618 2860 781 2906 eum.
849 2843 909 2905 3.
958 2840 1056 2904 Ad
1104 2839 1213 2904 ille
1260 2840 1654 2920 respondens
1717 2838 1880 2903 dixit
1940 2841 2066 2904 eis:
2148 2840 2316 2917 Quid
2384 2841 2567 2905 uobis
2636 2843 2965 2923 praecepit

364 2944 673 3027 Moyses?
716 2946 778 3011 4.
828 2944 949 3021 Qui
998 2945 1328 3009 dixerunt:
1376 2942 1660 3008 libellum
1708 2943 1958 3024 repudii
2011 2944 2165 3007 dare
2203 2950 2269 3008 et
2303 2945 2645 3009 dimittere.
2695 2944 2754 3009 5.
2805 2944 2959 3021 Qui-

364 3052 483 3116 bus
533 3050 928 3132 respondens
988 3048 1179 3114 Jesus
1227 3047 1320 3112 ait
1363 3047 1515 3112 hoc:
1611 3049 1707 3111 Ad
1782 3046 2081 3112 duritiam
2150 3047 2365 3113 cordis
2435 3050 2632 3114 uestri
2697 3049 2955 3131 scripsit

366 3164 775 3237 praeceptum
847 3156 1003 3221 istut
1050 3153 1326 3237 Moyses.
1419 3156 1477 3219 6.
1550 3153 1646 3217 Ab
1708 3154 1893 3218 initio
1943 3154 2107 3217 enim
2155 3154 2505 3218 masculum
2552 3157 2617 3219 et
2661 3154 2959 3218 feminam

362 3260 516 3325 fecit
561 3259 719 3327 deus
764 3263 830 3325 et
877 3261 1072 3326 dixit:
1171 3261 1227 3325 7.
1275 3259 1545 3341 Propter
1608 3258 1724 3323 hoc
1772 3258 2094 3339 relinquet
2136 3259 2323 3324 homo
2371 3264 2616 3341 patrem
2664 3278 2848 3325 suum
2898 3267 2964 3324 et
3072 3260 3077 3264 ’

364 3368 630 3430 matrem
676 3381 855 3430 suam
904 3373 969 3429 et
1015 3364 1396 3431 adhaerebit
1441 3364 1519 3428 ad
1567 3382 1830 3429 uxorem
1877 3382 2090 3443 suam3
2184 3367 2241 3430 8.
2315 3369 2380 3429 et
2448 3368 2638 3429 erunt
2706 3365 2831 3429 duo
2899 3367 2963 3430 in

364 3490 550 3535 carne
597 3489 755 3545 una;
806 3473 1024 3553 itaque
1071 3473 1194 3536 iam
1246 3488 1366 3535 non
1415 3475 1565 3534 sunt
1611 3471 1758 3552 duo,
1830 3471 1942 3534 sed
1992 3489 2117 3534 una
2163 3489 2332 3535 caro.
2423 3470 2482 3535 9.
2558 3470 2742 3547 Quod
2812 3489 2964 3552 ergo

365 3576 522 3639 deus
571 3576 953 3655 coniuncxit,
1000 3575 1188 3638 homo
1235 3593 1359 3638 non
1409 3574 1751 3656 disiungat.
1804 3574 1904 3640 10.
1954 3574 2042 3638 Et
2087 3574 2150 3637 in
2201 3574 2451 3637 domum
2499 3575 2727 3638 iterum
2778 3574 2965 3638 disci-

366 3679 496 3758 puli
545 3680 684 3741 eius
731 3679 809 3742 de
855 3680 1076 3744 eodem
1126 3681 1679 3758 interrogauerunt
1727 3696 1890 3742 eum.
1971 3680 2064 3740 11.
2113 3678 2199 3741 Et
2246 3676 2403 3741 dixit
2449 3677 2616 3742 illis:
2668 3677 2963 3754 Quicum-

371 3799 492 3861 que
572 3781 884 3847 dimiserit
938 3799 1196 3846 uxorem
1265 3799 1443 3846 suam
1513 3786 1577 3846 et
1621 3782 1814 3845 aliam
1864 3781 2137 3860 duxerit,
2189 3781 2571 3845 adulterium
2619 3782 2960 3847 committit

363 3906 558 3967 super
602 3905 764 3951 eam.
819 3889 914 3952 12.
962 3888 1049 3952 Et
1098 3889 1151 3953 si
1195 3887 1420 3951 mulier
1465 3888 1637 3953 exiet
1684 3906 1722 3950 a
1768 3886 1909 3952 uiro
1957 3892 2020 3951 et
2066 3887 2262 3950 alium
2312 3888 2626 3968 nupserit,
2673 3886 2963 3951 moecha·

363 3997 468 4054 tur
513 4008 705 4072 super
754 3991 948 4056 illum.
1026 3990 1333 4056 Similiter
1379 3997 1445 4056 et
1488 3992 1598 4074 qui
1649 3992 1976 4057 dimissam
2024 3991 2221 4072 ducit,
2269 3991 2657 4056 moechatur.
2731 3990 2829 4056 13.
2879 3991 2965 4056 Et

360 4094 710 4161 offerebant
751 4095 846 4160 illi
890 4115 1124 4178 pueros
1171 4101 1241 4160 ut
1262 4100 1559 4179 tangeret
1604 4115 1748 4178 eos;
1798 4096 2095 4179 discipuli
2140 4100 2358 4160 autem
2408 4094 2961 4162 comminabantur

360 4200 791 4279 offerentibuS,
886 4202 984 4265 14.
1051 4219 1208 4283 quos
1270 4219 1413 4269 cum
1463 4201 1717 4267 uideret
1763 4201 1977 4281 Jesus‚
2027 4202 2287 4283 indigue
2333 4199 2485 4265 tulit
2529 4205 2593 4266 et
2639 4201 2732 4265 ait
2782 4199 2960 4265 illis:

362 4306 567 4372 Sinite
612 4322 847 4387 pueros
896 4305 1115 4368 uenire
1164 4305 1243 4368 ad
1292 4320 1408 4384 me,
1457 4309 1523 4370 et
1568 4323 1648 4370 ne
1693 4304 2154 4386 prohibueritis
2226 4304 2412 4383 illos;
2503 4304 2727 4369 talium
2795 4304 2962 4369 enim

362 4416 461 4476 est
504 4428 768 4492 regnum
814 4409 936 4473 dei.
995 4410 1088 4474 15.
1139 4409 1337 4473 Amen
1378 4410 1528 4473 dico
1578 4410 1793 4475 uobis:
1845 4410 2119 4491 quisque
2167 4429 2291 4474 non
2340 4410 2656 4491 receperit
2701 4428 2964 4493 regnum

360 4516 484 4588 dei,
513 4515 691 4580 uelut
734 4532 911 4597 puer,
960 4532 1082 4578 non
1130 4512 1398 4595 intrabit
1445 4515 1506 4578 in
1556 4514 1716 4581 illut.
1772 4516 1871 4580 16.
1923 4515 2009 4579 Et
2041 4515 2388 4580 conuitans
2420 4533 2550 4593 e08,
2596 4513 2965 4597 imponebat

367 4634 618 4682 manum
646 4637 839 4701 super
864 4617 1008 4683 illos
1032 4623 1097 4682 et
1122 4617 1283 4684 bene
1307 4617 1561 4683 dicebat
1585 4637 1717 4684 eos.
1770 4622 1870 4685 17.
1920 4620 2008 4684 Et
2054 4638 2194 4684 cum
2227 4620 2471 4701 egressi
2511 4626 2730 4686 essent
2756 4620 2821 4683 in
2857 4618 2964 4683 uia

361 4741 775 4804 praecurrens
806 4725 1083 4803 quidam,
1117 4723 1570 4805 adgeniculans
1602 4741 1833 4804 rogans
1865 4742 2008 4788 eum
2032 4731 2098 4788 et
2128 4724 2384 4791 dicens:
2453 4723 2769 4807 Magister
2799 4722 2962 4789 bone

359 4825 512 4910 quid
559 4825 806 4903 faciam,
855 4834 921 4894 ut
969 4832 1161 4894 uitam
1210 4835 1534 4893 aeternam
1583 4827 1974 4913 percipiam?
2045 4830 2137 4895 18.
2201 4828 2289 4896 Et
2353 4826 2549 4896 Jesus
2596 4828 2757 4894 dixit
2805 4829 2947 4896 illi:
