3484 5617
618 489 740 552 116
1394 482 1762 550 Euangelium
1799 481 2102 536 secundum
2138 481 2441 536 Lucanum.
3037 484 3093 536 G.
3128 489 3202 538 23.

616 693 901 778 Graecis»,
963 691 1212 758 Latinis
1274 696 1341 757 et
1385 691 1778 758 Haebreicis.
1843 692 1968 755 Hic
2028 697 2126 756 est
2185 711 2300 758 rex
2360 693 2783 758 Judaeorum.
2862 697 2967 760 39.
3037 693 3207 759 Unus

615 801 807 864 etiam
855 798 934 863 de
979 797 1402 880 pendentibus
1452 796 1810 862 latronibus
1855 795 2339 879 blasphemabat
2385 817 2528 863 eum
2564 798 2825 863 diceus:
2877 798 3100 864 Nonne
3144 804 3208 863 tu

618 923 686 969 es
737 902 1078 970 Christus?
1146 900 1339 967 Salua
1385 903 1794 983 temetipsum
1841 905 1906 966 et
1951 918 2084 964 nos
2152 902 2254 965 40.
2306 902 2725 983 Respondeas
2796 908 3013 966 autem
3059 902 3212 967 alter

615 1007 987 1088 increpabat
1011 1007 1484 1072 illum'dicens:
1533 1005 1666 1071 Nec
1697 1007 1887 1072 times
1927 1005 2113 1071 deum
2159 1010 2251 1085 tu,
2301 1007 2472 1087 quod
2519 1008 2582 1070 in
2629 1006 2921 1070 eamdem
2971 1006 3214 1070 damna-

615 1113 852 1177 tionem
901 1110 1021 1175 es‘?
1065 1113 1170 1176 41.
1220 1111 1308 1175 Et
1353 1131 1467 1176 nos
1516 1111 1772 1192 quidem
1819 1111 1988 1176 iuste
2034 1110 2193 1175 haec
2242 1112 2546 1192 patimur,
2598 1130 2748 1175 nam
2798 1109 2995 1190 digna
3040 1109 3214 1174 factis

617 1215 854 1283 nostris
901 1215 1279 1296 recepimus,
1329 1215 1433 1279 liic
1479 1234 1632 1280 uero
1683 1214 1840 1279 nihil
1884 1214 2036 1278 mali
2082 1215 2300 1296 gessit.
2349 1216 2453 1281 42.
2503 1216 2590 1280 Et
2620 1216 2789 1281 dixit
2835 1216 2918 1279 ad
2967 1215 3212 1280 Jesum:

620 1321 868 1385 Memor
913 1324 1050 1385 esto
1097 1321 1242 1397 mei,
1294 1320 1565 1400 domine,
1615 1321 1870 1401 qnando
1918 1319 2138 1384 uenies
2184 1321 2253 1383 in
2300 1338 2493 1400 regno
2541 1323 2671 1385 tu0.
2754 1320 2861 1384 43.
2935 1320 3022 1384 Et
3068 1320 3217 1384 dixit

617 1425 679 1488 ei
727 1423 956 1490 Jesus:
1004 1424 1209 1488 Amen
1255 1424 1397 1489 dico
1422 1424 1565 1504 tibi,
1615 1425 1766 1505 quia
1814 1423 2006 1488 hodie
2047 1442 2292 1488 mecum
2326 1423 2454 1487 eris
2499 1425 2563 1487 in
2617 1424 2943 1505 paradiso.
2993 1424 3093 1487 44.
3141 1423 3219 1487 Et

621 1534 761 1594 erat
808 1528 944 1593 fere
989 1529 1143 1593 hora
1192 1535 1373 1594 sexta
1419 1529 1564 1607 diei,
1634 1534 1699 1593 et
1744 1528 2052 1593 tenebrae
2112 1528 2321 1593 factae
2369 1534 2517 1593 sunt
2578 1530 2640 1593 in
2690 1528 3004 1592 uniuersa
3052 1533 3214 1592 terra

624 1633 938 1716 usquein
988 1652 1216 1698 nonam
1283 1633 1539 1713 horam;
1607 1634 1713 1699 45.
1785 1632 2162 1699 obscuratus
2230 1637 2328 1698 est
2397 1633 2511 1712 sol,
2580 1637 2648 1697 et
2718 1631 2935 1696 uelum
3004 1631 3214 1714 templi

625 1740 895 1805 scissum
945 1742 1045 1803 est
1068 1739 1367 1804 medium.
1416 1739 1517 1805 46.
1570 1738 1866 1802 Clamans
1891 1756 2051 1802 uoce
2085 1755 2311 1818 magna
2340 1738 2566 1803 Jesus:
2618 1738 2836 1815 Pater,
2889 1738 2951 1801 in
3001 1755 3214 1802 manus

617 1847 763 1908 tuas
811 1843 1179 1907 commendo
1240 1843 1535 1923 spiritum
1595 1861 1837 1922 meum3
1904 1847 1968 1907 et
2013 1843 2133 1907 hoc
2180 1842 2399 1907 dicens
2468 1843 2681 1908 emisit
2750 1839 3076 1923 spiritum.
3122 1842 3217 1905 47.

620 1947 866 2012 Uidens
917 1952 1130 2011 autem
1179 1947 1486 2024 centurie,
1537 1947 1708 2028 quod
1778 1946 1989 2026 fiebat,
2059 1946 2425 2028 magnificat
2471 1948 2655 2011 deum
2728 1946 2987 2010 dicens:
3059 1942 3218 2007 Uere

620 2053 807 2117 homo
856 2051 960 2116 hic
992 2052 1200 2118 iustus
1235 2056 1391 2117 erat.
1438 2054 1542 2119 48.
1590 2052 1677 2116 Et
1707 2052 1913 2118 omnis
1947 2051 2133 2116 turba
2171 2103 2184 2116 .
2225 2102 2239 2116 .
2279 2102 2294 2117 .
2361 2051 2553 2118 simul
2599 2051 2877 2116 aderant
2924 2049 3007 2113 ad
3053 2066 3217 2129 spec-

629 2157 915 2222 taculum
943 2156 1135 2239 istud,
1162 2156 1271 2238 qui
1297 2155 1621 2232 uidebant,
1650 2176 1813 2239 quae
1843 2155 2101 2231 fiebant,
2128 2157 2557 2239 percutientes
2583 2160 2851 2237 pectora
2877 2174 2995 2220 sua
3016 2170 3216 2216 reuer-

622 2259 946 2328 tebantur.
972 2262 1079 2327 49.
1104 2260 1374 2327 Stabant
1396 2266 1606 2326 autem
1634 2280 1851 2327 omnes
1875 2262 2009 2327 noti
2038 2262 2175 2326 eius
2200 2281 2236 2325 a
2266 2261 2467 2343 longe,
2496 2264 2560 2324 et
2584 2260 2894 2325 mulieres
2946 2277 3107 2341 quae
3131 2275 3220 2320 se·

627 2372 811 2432 cutae
834 2365 1090 2431 fuerant
1129 2386 1168 2431 a
1193 2367 1483 2432 Galilaea
1531 2367 1686 2431 haec
1717 2366 2028 2430 uidentes.
2078 2368 2181 2432 50.
2216 2365 2301 2430 Et
2346 2385 2492 2430 ecce
2523 2365 2625 2429 uir
2657 2365 2923 2429 nomine
2968 2361 3217 2443 Joseph,

628 2472 735 2555 qui
783 2476 926 2538 erat
973 2473 1230 2537 decurio
1278 2472 1477 2537 bonus
1525 2476 1590 2536 et
1635 2472 1863 2536 iustus
1928 2471 2030 2535 51.
2082 2471 2233 2552 (Hic
2299 2490 2421 2535 non
2472 2473 2894 2535 consenserat
2956 2465 3211 2533 consilio

625 2584 691 2642 et
721 2576 968 2642 actibus
1002 2578 1271 2659 eorum),
1299 2578 1377 2642 ab
1415 2577 1721 2641 Arimatia
1752 2575 2017 2640 ciuitate
2050 2575 2320 2653 Judeae‚
2370 2574 2473 2655 qui
2513 2575 2905 2655 expectabat
2953 2588 3209 2656 regnum

625 2683 748 2748 dei.
795 2682 899 2747 52.
949 2681 1072 2747 Hic
1122 2683 1396 2747 accessit
1444 2682 1524 2745 ad
1571 2681 1843 2745 Pilatum
1892 2685 1956 2744 et
2001 2681 2165 2762 petit
2212 2698 2440 2761 corpus
2484 2680 2662 2758 Jesu,
2725 2679 2833 2744 53.
2900 2681 2971 2742 et
3038 2677 3214 2758 depo-

627 2788 820 2853 situm
868 2785 1032 2864 illut,
1081 2786 1352 2851 inuoluit
1401 2788 1466 2850 in
1514 2785 1799 2867 syndone
1846 2804 2077 2850 nouam
2123 2788 2189 2849 et
2234 2785 2450 2867 posuit
2503 2802 2647 2847 eum
2695 2783 2760 2847 in
2814 2785 3210 2847 monumento

624 2893 863 2972 exciSO‚
912 2891 977 2956 in
1024 2910 1149 2973 quo
1196 2891 1475 2956 nondum
1544 2892 1877 2971 quisquam
1945 2890 2195 2972 positus
2263 2889 2497 2954 fuerat.
2567 2890 2670 2954 54.
2739 2888 2829 2952 Et
2892 2887 3031 2952 dies
3090 2887 3217 2949 erat

628 3015 823 3062 cenae
887 3014 1108 3077 purae,
1177 2999 1241 3058 et
1287 2994 1620 3059 sabbatum
1661 2994 2112 3059 inlucescebat.
2176 2992 2278 3058 55.
2343 2993 2733 3058 Subsecutae
2802 2996 3022 3055 autem
3070 2990 3217 3053 duae

625 3100 947 3179 munerea,
997 3119 1162 3182 quae
1210 3118 1353 3164 cum
1402 3101 1542 3181 ipso
1576 3106 1887 3166 uenerant
1919 3103 1997 3166 de
2031 3100 2339 3178 Galilaea,
2393 3098 2698 3162 uiderunt
2727 3099 3217 3169 monumentum,

626 3211 690 3271 et
736 3205 1262 3286 quemadmodum
1313 3206 1590 3286 positum
1639 3212 1782 3270 erat
1827 3225 2057 3287 corpus
2105 3208 2261 3271 eius.
2312 3206 2416 3269 56.
2467 3205 2552 3267 Et
2596 3207 3008 3267 reueitentes
3053 3215 3216 3282 para-

626 3315 860 3375 uerunt
908 3314 1196 3376 aromata
1257 3313 1325 3373 et
1369 3315 1691 3391 unguenta
1756 3315 1821 3375 et
1867 3311 2135 3376 sabbato
2206 3309 2462 3392 quidem
2509 3308 2826 3372 siluerunt
2880 3304 3211 3372 secundum

629 3414 1014 3480 mandatum.

837 3620 1119 3691 XXIV.
1176 3628 1228 3689 1.
1279 3624 1423 3690 Una
1467 3629 1678 3690 autem
1726 3623 1979 3690 sabbati
2025 3629 2343 3689 uenerunt
2405 3623 2590 3687 ualde
2634 3627 2923 3703 tempore
2973 3620 3054 3684 ad
3101 3633 3218 3681 mo-

626 3731 993 3792 numentum
1040 3734 1390 3811 portanteS,
1438 3749 1602 3810 quae
1646 3734 2051 3811 parauerunt,
2101 3731 2159 3794 2.
2208 3733 2273 3793 et
2318 3727 3001 3808 inueneruntlapidem
3050 3739 3215 3788 reuo-

625 3832 849 3898 lutum.
899 3835 958 3898 3.
1003 3833 1338 3915 Ingressae
1370 3841 1576 3900 autem
1612 3853 1734 3899 non
1768 3835 2153 3900 inuenerunt
2192 3852 2439 3915 corpus.
2486 3835 2547 3898 4.
2586 3834 2672 3897 Et
2694 3831 2932 3897 factum
2957 3835 3057 3897 est
3082 3829 3219 3893 dum

630 3939 840 4002 mente
886 3941 1329 4005 consternatae
1391 3943 1606 4004 essent
1650 3939 1730 4005 de
1776 3938 1964 4018 facto,
2027 3944 2095 4003 et
2139 3957 2288 4003 ecce
2337 3938 2459 4002 duo
2507 3938 2630 4002 uiri
2676 3940 2998 4003 steterunt
3043 3946 3218 3998 secus

630 4042 776 4106 illas
830 4041 896 4104 in
924 4045 1107 4107 ueste
1155 4041 1459 4125 fulgente.
1509 4046 1566 4109 5.
1619 4041 1776 4109 Cum
1822 4045 2121 4108 timerent
2164 4049 2379 4108 autem
2424 4045 2491 4106 et
2537 4042 2930 4107 declinarent
2975 4038 3218 4103 uultum

629 4147 695 4211 in
740 4149 999 4225 terram,
1070 4148 1368 4213 dixerunt
1438 4148 1516 4213 ad
1563 4148 1742 4214 illas:
1818 4148 1972 4229 quid
2020 4148 2328 4229 quaeritis
2375 4148 2701 4211 uiuentem
2748 4165 2889 4209 cum
2937 4137 3214 4209 mortuis.

632 4253 691 4316 6.
741 4250 1294 4332 Rememoramini,
1323 4253 1600 4336 qualiter
1622 4254 1876 4319 locutus
1923 4257 2023 4319 est
2055 4253 2404 4334 uobiscum,
2439 4271 2577 4317 cum
2611 4251 2816 4315 adhuc
2841 4250 2906 4313 iu
2940 4243 3219 4312 Galilaea

630 4359 802 4421 esset
848 4355 1100 4422 dicens:
1151 4358 1211 4423 7.
1257 4358 1422 4437 Quia
1468 4363 1719 4440 oportet
1764 4357 1962 4423 filium
2022 4359 2296 4424 hominis
2336 4357 2501 4422 tradi
2531 4358 2593 4420 in
2640 4373 2862 4420 manus
2903 4351 3217 4418 hominum

631 4465 696 4526 et
743 4458 1045 4544 crucifigi,
1094 4465 1160 4526 et
1207 4463 1312 4527 die
1357 4463 1552 4529 tertia
1596 4482 1955 4546 resurgere.
2009 4465 2069 4530 8.
2100 4464 2183 4527 Et
2215 4466 2676 4527 rememoratae
2709 4464 2858 4523 sunt
2889 4455 3212 4522 uerborum

628 4563 874 4631 horum.
924 4565 980 4630 9.
1030 4566 1118 4632 Et
1163 4586 1492 4649 regressae
1523 4568 2054 4634 renuntiauerunt
2098 4568 2258 4633 haec
2291 4569 2501 4633 omnia
2553 4566 2683 4631 illis
2729 4565 2837 4628 XI.
2886 4567 2952 4628 et
2996 4553 3217 4625 ceteris

633 4669 944 4735 omnibus.
1041 4673 1141 4738 10.
1189 4673 1351 4738 Erat
1396 4677 1610 4739 autem
1659 4673 1870 4738 Maria
1914 4671 2357 4755 Magdalenae,
2420 4675 2487 4735 et
2530 4668 2843 4748 Johanna,
2912 4671 2976 4731 et
3020 4656 3215 4726 Maria

632 4772 858 4840 Jacobi
903 4779 969 4840 et
1013 4781 1285 4857 ceterae,
1332 4796 1495 4860 quae
1541 4797 1684 4842 cum
1732 4777 1888 4855 ipsis
1935 4776 2206 4854 fuerant,
2253 4775 2412 4840 haec
2446 4774 2740 4840 dicebant
2770 4773 2851 4838 ad
2885 4763 3215 4853 apostolos.
