3484 5617
320 548 376 606 G.
416 545 464 604 ’6.
1097 546 1459 620 Euangelium
1500 549 1801 607 secundum
1842 549 2167 608 Johannem.
2431 558 2437 564 ’
2843 560 2925 624 69

322 761 675 842 Nescimu8‚
724 762 875 843 quid
923 762 1224 843 loquitur.
1317 764 1407 828 19.
1458 763 1780 846 Cognouit
1834 765 2048 843 Jesus,
2097 768 2246 846 quia
2292 767 2598 832 uolebant
2642 787 2788 833 eum
2832 769 2924 833 in-

323 873 654 948 terrogare
686 871 752 931 et
785 867 945 931 dixit
975 871 1103 933 eis:
1158 870 1250 931 De
1293 866 1414 933 hoc
1459 870 1770 950 quaeritis
1818 872 1984 935 alius
2016 889 2154 934 cum
2189 871 2336 950 alio,
2383 873 2533 952 quia
2583 871 2744 937 dixi:
2791 872 2930 937 Mo-

324 971 553 1050 dicum,
601 975 668 1035 et
712 990 836 1036 non
884 972 1188 1037 uidebitis
1238 991 1356 1046 me,
1391 979 1455 1037 et
1502 975 1734 1038 iterum
1782 976 2117 1053 modicum,
2166 980 2233 1040 et
2277 976 2584 1041 uidebitis
2633 997 2751 1041 me.
2824 979 2930 1043 20.

329 1071 544 1153 Amen,
573 1094 756 1141 amen
782 1077 925 1141 dico
951 1078 1152 1156 uobiS,
1195 1079 1344 1158 quia
1373 1096 1487 1143 uos
1511 1076 1745 1143 flebitis
1772 1085 1836 1144 et
1866 1079 2186 1161 lugebitis,
2219 1082 2496 1147 mundus
2530 1086 2744 1148 autem
2778 1101 2927 1163 gau·

323 1179 540 1258 debit3
588 1200 707 1247 uos
768 1182 990 1246 tristes
1044 1182 1243 1260 eritis,
1292 1181 1407 1248 sed
1450 1182 1716 1248 tristitia
1763 1188 1983 1248 uestra
2028 1184 2092 1246 in
2138 1185 2443 1265 gaudium
2489 1191 2930 1251 conuertetur.

324 1286 428 1348 21.
478 1283 714 1349 Mulier
745 1305 886 1350 cum
932 1289 1122 1367 parit,
1173 1287 1495 1352 tristitiam
1543 1287 1760 1362 habet,
1808 1289 2106 1369 quoniam
2169 1289 2347 1356 uenit
2391 1290 2533 1355 dies
2578 1292 2739 1369 eius,
2788 1309 2926 1354 cum

325 1394 535 1454 autem
598 1393 851 1472 peperit
928 1410 1211 1472 puerum,
1278 1392 1406 1456 iam
1470 1412 1592 1457 non
1641 1394 1932 1458 meminit
1994 1412 2379 1475 praessurae
2471 1401 2730 1477 propter
2775 1413 2931 1478 gau-

322 1497 516 1579 dium,
562 1497 713 1578 quia
755 1502 949 1561 natus
994 1502 1095 1561 est
1139 1498 1326 1562 homo
1370 1498 1436 1562 in
1483 1497 1651 1564 hunc
1681 1499 2002 1563 mundum.
2037 1503 2134 1566 22.
2169 1501 2257 1565 Et
2300 1519 2417 1565 uos
2463 1520 2631 1565 nunc
2675 1500 2930 1581 quidem

323 1599 652 1665 tristitiam
724 1601 1060 1679 habebitis,
1124 1603 1358 1665 iterum
1408 1605 1618 1666 autem
1670 1603 1902 1666 uidebo
1970 1623 2106 1686 uos,
2162 1609 2225 1669 et
2274 1606 2575 1687 gaudebit
2646 1624 2754 1670 cor
2821 1623 2930 1668 ue-

330 1710 553 1783 strum,
605 1709 670 1769 et
717 1705 1014 1785 gaudium
1078 1711 1360 1770 uestrum
1409 1724 1591 1770 nemo
1654 1706 1824 1772 tollit
1886 1725 1924 1770 a
1969 1709 2170 1774 uobis,
2244 1711 2345 1775 23.
2422 1710 2510 1776 Et
2553 1710 2619 1774 in
2666 1710 2774 1774 illo
2823 1711 2928 1774 die

331 1808 488 1872 nihil
551 1828 653 1873 me
725 1811 1155 1892 interrogatis,
1239 1814 1460 1889 Amen,
1537 1830 1724 1875 amen
1797 1811 1939 1877 dico
1987 1814 2189 1892 uobis,
2262 1816 2317 1879 si
2387 1816 2539 1896 quid
2607 1816 2927 1895 petieritis

334 1932 371 1977 a
418 1919 598 1996 patre
642 1915 706 1978 in
755 1915 1007 1980 nomine
1053 1933 1212 1993 ineo,
1263 1914 1440 1980 dabit
1485 1915 1687 1982 uobis,
1780 1919 1881 1982 24.
1959 1918 2182 2000 Usque
2229 1920 2416 1984 modo
2478 1939 2601 1984 non
2647 1921 2932 2001 petiistis

330 2020 489 2084 nihil
538 2020 602 2085 in
646 2021 899 2085 nomine
945 2039 1124 2101 meo;
1176 2021 1375 2103 petite
1419 2025 1485 2085 et
1519 2022 1863 2104 accipietis,
1915 2027 1987 2086 ut
2033 2025 2336 2104 gaudium
2367 2028 2650 2089 uestrum
2701 2026 2788 2091 sit
2817 2025 2930 2087 im-

334 2126 594 2204 pletum.
645 2126 744 2189 25.
793 2124 967 2189 Haec
1018 2125 1079 2188 in
1129 2126 1492 2207 prouerbiis
1537 2126 1791 2191 locutus
1841 2145 1979 2191 sum
2041 2129 2246 2193 uobis,
2316 2127 2514 2195 Uenit
2560 2129 2736 2209 hora,
2785 2149 2927 2193 cum

332 2230 454 2293 iam
502 2248 623 2295 non
669 2229 734 2293 in
783 2230 1138 2313 prouerbiis
1184 2230 1414 2311 loquar
1461 2230 1662 2309 uobis,
1713 2233 1827 2296 sed
1878 2233 2087 2313 palam
2134 2233 2213 2298 de
2261 2242 2444 2314 patre
2513 2233 2928 2300 manifestabo

331 2333 531 2399 uobis,
581 2336 684 2401 26.
732 2335 850 2400 Illo
899 2336 1001 2400 die
1048 2336 1112 2400 in
1160 2337 1414 2401 nomine
1463 2356 1601 2401 meo
1654 2337 1890 2418 petitiS,
1937 2344 2002 2404 et
2046 2357 2171 2402 non
2203 2339 2346 2402 dico
2379 2339 2586 2419 uobis,
2619 2340 2766 2419 quia
2811 2358 2930 2420 ego

326 2439 560 2519 rogabo
604 2445 878 2521 patrem,
957 2442 1060 2505 27.
1142 2440 1280 2522 ipse
1342 2441 1508 2505 enim
1576 2446 1759 2522 pater
1822 2441 2027 2524 diligit
2094 2462 2230 2520 uos,
2278 2446 2425 2523 quia
2472 2461 2590 2508 uos
2637 2463 2738 2509 me
2785 2444 2928 2509 dili-

326 2544 495 2624 gitis,
574 2544 680 2609 28.
758 2551 826 2610 et
871 2546 1154 2629 creditis,
1204 2545 1351 2626 quia
1399 2564 1437 2609 a
1483 2546 1600 2610 deo
1663 2547 1833 2611 exiui
1895 2552 1961 2612 et
2021 2548 2168 2611 ueni
2231 2549 2292 2612 in
2355 2550 2526 2613 hunc
2584 2550 2925 2624 mundum

326 2648 559 2712 iterum
603 2650 895 2731 relinquo
943 2652 1244 2715 mundum
1306 2657 1371 2715 et
1416 2652 1581 2715 uado
1643 2652 1722 2715 ad
1777 2659 2036 2732 patrem.
2085 2654 2186 2720 29.
2237 2654 2480 2718 Dicunt
2524 2655 2584 2717 ei
2632 2655 2927 2736 discipuli

327 2755 498 2818 eins:
548 2771 698 2820 ecce
744 2773 911 2820 nunc
944 2754 1152 2837 palam
1198 2756 1500 2836 loqueriS,
1549 2762 1615 2820 et
1659 2757 2065 2839 prouerbium
2098 2758 2335 2821 nullum
2371 2759 2564 2840 dicis;
2612 2760 2713 2823 30.
2763 2778 2930 2823 nunc

329 2859 583 2937 scimus,
639 2861 939 2940 quoniam
989 2862 1116 2924 scis
1177 2862 1411 2940 omnia,
1477 2865 1543 2926 et
1602 2880 1725 2925 non
1777 2880 1938 2943 opus
1984 2870 2082 2927 est
2128 2850 2265 2940 tibi,
2314 2868 2387 2926 ut
2432 2863 2576 2943 quis
2621 2868 2686 2928 te
2732 2865 2927 2928 inter-

331 2967 528 3044 roget,
600 2965 665 3028 in
728 2965 847 3029 hoc
910 2965 1245 3044 credimus„
1311 2966 1608 3048 quoniam
1660 2986 1697 3029 a
1745 2968 1864 3031 deo
1926 2967 2133 3033 existi.
2240 2970 2343 3033 31.
2433 2968 2787 3048 Respondit
2832 2969 2927 3033 eis

331 3067 555 3134 Jesus:
608 3069 798 3133 Modo
847 3070 1160 3135 creditis?
1236 3073 1338 3136 32.
1387 3069 1555 3134 Ecce
1601 3070 1785 3134 uenit
1834 3071 2007 3150 hora,
2055 3076 2123 3136 et
2168 3073 2288 3136 iam
2317 3074 2514 3150 uenit,
2563 3078 2634 3136 ut
2680 3073 2923 3154 dispar·

334 3174 569 3253 gamini
620 3176 1062 3257 unusquisque
1107 3177 1173 3239 in
1220 3195 1337 3240 sua
1384 3175 1644 3256 regione
1704 3182 1772 3239 et
1831 3194 1932 3239 me
1990 3177 2193 3241 solum
2240 3177 2643 3259 relinquatis,
2693 3183 2758 3241 et
2804 3196 2928 3242 non

336 3295 471 3343 sum
521 3280 718 3358 solus,
769 3281 1064 3361 quoniam
1114 3287 1295 3362 pater
1339 3299 1581 3345 mecum
1630 3286 1728 3347 est
1840 3284 1943 3349 33.
2016 3282 2193 3348 Haec
2238 3284 2491 3348 locutus
2539 3302 2676 3348 sum
2723 3283 2926 3362 uobiS‚

336 3394 408 3446 ut
454 3384 518 3448 in
567 3403 665 3449 me
714 3404 938 3467 pacem
987 3385 1298 3452 habeatis,
1349 3386 1422 3450 In
1470 3387 1591 3451 hoc
1637 3391 1848 3450 autem
1875 3388 2105 3456 mundo
2153 3407 2554 3470 praessuram
2589 3387 2930 3467 habebitis,

332 3486 444 3549 sed
494 3485 660 3553 bono
708 3491 915 3553 animo
967 3496 1194 3573 estote,
1265 3509 1383 3570 ego
1431 3491 1558 3554 uici
1607 3493 1929 3556 mundum.

535 3694 777 3763 xvn.
832 3702 882 3763 l.
935 3700 1107 3766 Haec
1151 3702 1404 3767 locutus
1450 3708 1548 3767 est
1594 3703 1805 3782 Jesus,
1854 3710 1920 3766 et
1966 3703 2262 3767 alienatis
2310 3704 2510 3770 oculis
2556 3705 2626 3769 in
2670 3704 2915 3767 caelum

338 3799 529 3865 dixit:
578 3803 785 3884 Pater,
833 3806 1013 3870 uenit
1059 3807 1232 3886 hora,
1281 3806 1559 3873 clarifica
1604 3807 1805 3871 filium
1854 3815 2058 3886 tuum,
2107 3814 2182 3873 ut
2225 3806 2395 3875 filius
2439 3816 2587 3874 tuus
2623 3806 2929 3873 clarificet

336 3909 420 3985 te,
464 3907 697 3973 2.sicut
743 3909 978 3975 dedisti
1027 3912 1086 3977 ei
1133 3918 1520 3993 potestatem
1571 3914 1776 3978 omnis
1825 3914 2056 3996 carniS,
2108 3918 2179 3981 ut
2223 3932 2427 3991 omne,
2476 3915 2646 3994 quod
2693 3913 2925 3978 dedisti

334 4010 412 4087 ei,
438 4011 549 4076 dat
571 4013 665 4077 eis
691 4013 886 4079 uitam
913 4021 1251 4082 aeternam.
1300 4018 1361 4083 3.
1390 4017 1564 4083 Haec
1596 4022 1695 4083 est
1721 4023 1933 4083 autem
1967 4019 2104 4083 uita
2136 4024 2413 4098 aeterna,
2450 4022 2522 4081 ut
2546 4023 2932 4098 cognoscant

331 4120 394 4177 te
441 4116 646 4180 solum
693 4124 758 4184 et
805 4140 1026 4186 uerum
1073 4122 1279 4200 deum,
1343 4128 1412 4187 et
1458 4142 1642 4204 quem
1705 4124 1935 4191 misisti
1982 4123 2201 4187 Jesum
2252 4122 2592 4187 Christum.
2683 4124 2743 4186 4.
2791 4122 2928 4203 Ego

329 4223 394 4283 te
441 4220 783 4288 clarificaui
834 4243 1025 4307 super
1071 4231 1311 4291 terram
1360 4247 1487 4292 uno
1529 4246 1726 4308 opere
1775 4234 2231 4308 consummatO,
2279 4227 2451 4308 quod
2494 4227 2726 4292 dedisti
2773 4227 2929 4291 mihi

328 4328 401 4389 ut
443 4325 739 4407 facerem,
803 4331 863 4394 5.
913 4335 977 4395 et
1022 4350 1188 4396 nunc
1247 4330 1522 4396 clarifica
1583 4351 1681 4395 me
1744 4339 1813 4398 tu
1861 4338 2063 4414 pater,
2130 4337 2287 4414 aput
2344 4333 2750 4412 temetipsum
2799 4331 2925 4396 cla-

325 4430 537 4506 ritate,
609 4450 798 4513 quam
844 4432 1058 4513 habui,
1110 4435 1480 4517 priusquam
1519 4437 1791 4500 mundus
1847 4441 2038 4512 esset,
2087 4440 2244 4518 aput
2291 4438 2375 4506 te.
2424 4440 2482 4503 6.
2517 4436 2928 4501 Manifestaui

328 4554 556 4600 nomen
620 4543 801 4602 tuum
864 4539 1248 4619 hominibus,
1315 4556 1475 4619 quos
1524 4539 1759 4603 dedisti
1807 4539 1960 4603 mihi
2008 4540 2087 4603 de
2134 4540 2255 4604 hoc
2297 4540 2700 4614 mundo‚,tui
2749 4546 2930 4604 erant

329 4645 397 4704 et
441 4640 596 4705 mihi
644 4643 789 4709 illos
837 4643 1090 4722 dedisti,
1137 4649 1203 4709 et
1249 4661 1602 4710 sermonem
1648 4648 1827 4708 tuum
1876 4644 2314 4716 seruaberunt.
2380 4647 2436 4709 7.
2483 4645 2571 4708 Et
2615 4663 2781 4708 nunc
2827 4663 2930 4708 co-

331 4747 540 4826 gnoui‚
589 4748 738 4829 quia
763 4749 976 4815 omnia
1022 4766 1455 4831 quaecumque
1503 4747 1739 4811 dedisti
1770 4747 1942 4824 mihi,
1989 4748 2193 4811 abste
2225 4754 2394 4831 sunt,
2442 4750 2502 4814 8.
2530 4748 2683 4830 quia
2712 4749 2931 4827 uerba,

332 4867 495 4932 quae
564 4851 821 4944 dedisti.
886 4852 1033 4922 dedi
1095 4854 1210 4937 eiS,
1273 4861 1339 4921 et
1397 4850 1522 4936 ipsi
1583 4856 1971 4937 acceperuut
2014 4871 2110 4938 ea,
2159 4860 2230 4920 et
2274 4858 2732 4937 cognouerunt,
2779 4854 2931 4946 quia
