3484 5617
327 490 384 550 C.
434 498 514 549 13.
1114 488 1479 563 Euangelium
1518 490 1819 550 secundum
1855 492 2156 550 Lucanum.
2811 498 2934 568 103

324 725 399 772 es
445 707 526 773 ab
569 705 938 772 infirmitate
981 713 1114 773 tua.
1168 709 1265 772 13.
1312 707 1401 772 Et
1446 707 1756 791 imposuit
1801 708 1895 774 illi
1932 759 1947 775 .
1982 761 1996 775 .
2033 758 2048 772 .
2097 712 2164 774 et
2207 708 2544 775 confestim
2574 714 2796 776 erecta
2829 715 2931 777 est

327 818 398 878 et
428 809 872 893 magnificabat
904 811 1109 877 deum.
1158 813 1239 877 14
1290 812 1709 895 Respondeas
1739 822 1954 878 autem
1987 812 2532 896 archisynagogus
2564 813 2932 897 indignans,

325 918 498 998 quod
522 917 787 983 sabbato
813 923 1070 982 curaret
1093 916 1305 999 Jesus‚
1330 918 1585 984 dicebat
1615 919 1879 984 turbae:
1933 921 2032 985 15.
2061 919 2186 985 Sex
2212 919 2351 985 dies
2377 922 2545 997 sunt,
2593 919 2659 985 in
2692 919 2929 1001 quibus

324 1026 582 1103 oportet
625 1023 903 1103 operari,
948 1022 1012 1086 in
1058 1023 1159 1087 his
1200 1041 1350 1103 ergo
1396 1022 1615 1087 uenite
1677 1030 1742 1088 et
1776 1077 1789 1087 .
1825 1074 1840 1088 .
1879 1074 1893 1089 .
1940 1026 2094 1089 mini
2151 1031 2216 1090 et
2249 1073 2262 1085 .
2299 1074 2314 1089 .
2350 1078 2363 1090 .
2415 1026 2479 1090 in
2513 1024 2616 1089 die
2645 1023 2929 1091 Sabbati.

323 1126 684 1208 Respondit
728 1133 939 1192 autem
984 1129 1068 1192 ad
1111 1127 1294 1192 illum
1340 1127 1632 1192 dominus
1678 1133 1747 1192 et
1792 1128 1986 1193 dixit:
2052 1128 2427 1210 Hypocrita,
2493 1129 2931 1210 unusquisque

329 1238 614 1297 uestrum
660 1230 929 1299 sabbato
974 1251 1100 1296 non
1147 1232 1346 1297 soluit
1402 1233 1634 1298 bouem
1698 1251 1884 1298 suum
1933 1239 2048 1298 aut
2099 1234 2348 1297 asinum
2395 1253 2432 1299 a
2477 1233 2818 1316 praesepio
2864 1240 2932 1297 et

332 1337 504 1401 ducit
566 1337 940 1417 adaquare?
1010 1339 1108 1402 16.
1184 1334 1367 1402 Hanc
1435 1342 1652 1401 autem
1720 1336 1917 1403 filiam
1987 1337 2309 1420 Abrahae,
2379 1355 2568 1419 quam
2638 1338 2932 1420 alligauit

330 1444 582 1507 satanas
641 1460 792 1507 ecce
859 1442 938 1507 X.
986 1445 1052 1507 et
1111 1440 1291 1506 VIII.
1337 1443 1546 1520 annis,
1608 1462 1735 1508 non
1797 1444 2126 1524 opportuit
2190 1443 2358 1508 solui
2418 1461 2458 1507 a
2519 1442 2778 1507 uinculo
2822 1443 2930 1508 die

327 1546 622 1612 sabbati?
688 1550 785 1611 17.
847 1546 935 1611 Et
994 1566 1136 1612 cum
1197 1547 1358 1611 haec
1421 1547 1687 1629 diceret,
1747 1548 2211 1613 erubescebant
2255 1546 2613 1613 aduersarii
2658 1550 2816 1626 eius,
2863 1550 2930 1612 et

324 1651 526 1718 omnis
572 1651 845 1734 populus
913 1651 1237 1732 gaudebat
1280 1652 1347 1715 in
1392 1652 1787 1733 praeclariis,
1845 1671 2009 1734 quae
2072 1652 2372 1717 uiderant
2432 1648 2571 1716 fieri
2634 1651 2715 1717 ab
2763 1651 2925 1734 ipso.

329 1758 430 1823 18.
478 1756 750 1821 Dicebat
794 1775 979 1837 ergo:
1029 1756 1148 1821 Cui
1196 1756 1405 1821 simile
1451 1764 1550 1823 est
1596 1776 1863 1839 regnum
1912 1756 2064 1822 dei?
2109 1762 2178 1822 et
2210 1757 2311 1822 cui
2343 1756 2553 1822 simile
2587 1755 2744 1821 illud
2781 1775 2925 1821 esse

322 1861 714 1926 existimabo.
790 1863 888 1926 19.
939 1861 1159 1927 Simile
1221 1880 1419 1941 grano
1483 1863 1746 1945 sinapi8‚
1788 1863 1955 1944 quod
2003 1869 2332 1944 acceptum
2392 1861 2579 1926 homo
2643 1861 2818 1927 misit
2861 1861 2926 1925 in

324 1970 528 2030 ortum
573 1983 778 2037 suum,
825 1969 892 2028 et
937 1964 1141 2030 creuit
1174 1969 1239 2028 et
1284 1963 1458 2031 facta
1488 1969 1591 2030 est
1620 1965 1811 2031 arbor
1842 1966 1973 2040 illa,
2008 1972 2078 2030 ut
2111 1965 2409 2031 uolucres
2444 1965 2605 2031 caeli
2639 1964 2924 2047 requies·

325 2073 539 2135 cerent
571 2071 634 2134 in
666 2071 862 2135 ramis
894 2072 1054 2135 eius.
1103 2072 1205 2136 20.
1247 2072 1334 2136 Et
1359 2072 1591 2137 iterum
1625 2071 1822 2136 dixit:
1872 2070 1989 2136 Cui
2024 2071 2232 2137 simile
2264 2071 2617 2138 aestimabo
2662 2090 2925 2154 regnum

326 2222 388 2240 ..
423 2176 487 2241 ‚1³
550 2177 651 2239 21.
701 2175 922 2241 Simile
985 2181 1084 2241 est
1145 2176 1479 2255 fermento,
1551 2177 1719 2258 quod
1783 2182 2114 2259 acceptum
2174 2177 2406 2243 mulier
2465 2177 2801 2241 abscondit
2862 2178 2928 2240 in

321 2280 549 2358 farina,
598 2279 800 2345 donec
851 2279 1303 2347 fermentatum
1369 2288 1469 2346 est
1512 2287 1738 2346 tolum.
1832 2283 1939 2346 22.
1986 2281 2073 2346 Et
2120 2281 2259 2346 ibat
2316 2297 2436 2362 per
2501 2280 2796 2346 ciuitates
2862 2285 2927 2345 et

321 2384 603 2468 castella,
652 2384 886 2450 docens
932 2390 999 2450 et
1042 2387 1170 2450 iter
1214 2385 1457 2452 faciens
1503 2387 1568 2450 in
1614 2385 2047 2452 Hierusalem.
2100 2387 2201 2453 23.
2249 2384 2337 2449 Et
2380 2385 2472 2450 ait
2507 2385 2601 2450 illi
2634 2385 2921 2465 quidam:

321 2490 594 2568 domine,
642 2490 698 2555 si
744 2490 935 2569 pauci
984 2496 1154 2570 sunt,
1205 2492 1316 2573 qui
1364 2491 1626 2557 salui..
1664 2492 1733 2556 ,P
1793 2492 1944 2573 Ipse
1991 2495 2204 2555 autem
2256 2490 2418 2555 dixit
2462 2489 2543 2555 ad
2589 2490 2768 2555 illos:
2818 2492 2923 2556 24.

323 2595 709 2660 Contendite
777 2595 1021 2659 intrare
1090 2614 1206 2677 per
1275 2604 1615 2676 angustam
1684 2600 1954 2677 portam,
2025 2596 2178 2675 quia
2246 2595 2383 2660 dico
2452 2594 2668 2660 uobis:
2738 2594 2921 2659 multi

321 2704 653 2782 quaerent,
686 2703 753 2764 et
775 2718 899 2763 non
931 2706 1254 2780 poterunt.
1282 2701 1384 2764 25.
1414 2701 1511 2764 Ex
1544 2718 1668 2781 quo
1703 2700 1984 2765 surrexit
2019 2698 2476 2779 paterfamilias
2515 2704 2581 2764 et
2612 2698 2920 2764 clauserit

320 2806 575 2886 ostium,
625 2810 694 2869 et
742 2805 1066 2886 incipietis
1111 2804 1271 2870 foris
1319 2809 1492 2871 stare
1542 2811 1606 2870 et
1653 2806 1910 2887 pulsare
1953 2805 2273 2869 dicentes:
2322 2804 2595 2877 domine,
2643 2804 2915 2878 domine,

323 2910 501 2990 aperi
546 2909 767 2985 nobis;
815 2912 882 2973 et
925 2909 1323 2990 respondens
1370 2911 1574 2976 dicet:
1621 2912 1838 2976 nescio
1887 2926 2002 2974 uos
2048 2909 2216 2974 unde
2264 2909 2443 2989 sitis3
2491 2909 2592 2974 26.
2640 2910 2793 2973 tunc
2826 2907 2920 2972 in·

325 3014 574 3094 cipietis
607 3015 851 3079 dicere:
902 3015 1424 3081 manducauimus
1462 3033 1675 3079 eoram
1706 3021 1792 3092 te,
1826 3020 1890 3080 et
1923 3014 2194 3079 bibimus
2226 3019 2292 3078 et
2322 3015 2386 3078 in
2420 3014 2652 3095 plateis
2683 3014 2934 3092 nostris

329 3116 617 3181 docuisti.
685 3121 788 3184 27.
851 3118 938 3181 Et
996 3119 1169 3184 dicet
1230 3120 1447 3185 uobis:
1533 3120 1751 3184 nescio
1829 3118 2001 3184 unde
2077 3117 2267 3197 estis;
2335 3117 2648 3183 discedite
2701 3135 2741 3181 a
2798 3136 2919 3199 me,

328 3239 537 3287 omnes
582 3223 864 3302 operarii
910 3223 1300 3304 iniquitatis,
1350 3226 1453 3289 28.
1503 3223 1591 3288 ibi
1639 3225 1764 3289 erit
1808 3222 1996 3288 fletus
2041 3227 2108 3287 et
2152 3223 2393 3289 stridor
2423 3221 2728 3297 dentium,
2779 3240 2921 3286 cum

323 3326 611 3393 uideritis
673 3327 994 3392 Abraham
1058 3334 1126 3393 et
1168 3329 1311 3394 Isac
1357 3335 1423 3394 et
1483 3330 1685 3394 Jacob
1731 3334 1797 3394 et
1843 3346 2060 3394 omnes
2130 3326 2473 3409 propbetas
2518 3326 2917 3393 introeuntes

317 3431 383 3496 in
429 3450 622 3514 regno
670 3432 794 3511 dei,
842 3450 959 3497 uos
1004 3439 1216 3498 autem
1262 3434 1495 3516 expelli
1543 3434 1731 3499 foras.
1804 3433 1907 3498 29.
1983 3432 2069 3497 Et
2114 3433 2376 3496 uenient
2435 3431 2516 3497 ab
2563 3432 2810 3497 oriente
2856 3438 2922 3497 et

319 3536 649 3603 occidente
709 3542 776 3602 et
818 3538 1116 3619 aquilone
1179 3543 1244 3602 et
1289 3544 1506 3602 austro
1568 3545 1633 3603 et
1677 3539 2056 3603 recumbent
2113 3537 2180 3600 iu
2233 3555 2430 3618 regno
2493 3536 2614 3600 dei.
2686 3536 2788 3599 30.
2839 3535 2924 3600 Et

317 3660 464 3708 ecce
511 3648 660 3707 sunt
705 3644 1058 3722 nouissimi,
1107 3643 1217 3723 qui
1264 3649 1454 3708 erunt
1502 3644 1707 3723 primi,
1756 3648 1820 3707 et
1867 3649 2016 3708 sunt
2063 3640 2267 3722 primi,
2316 3641 2423 3723 qui
2472 3645 2662 3705 erunt
2708 3641 2919 3705 nouis-

319 3746 488 3813 simi.
558 3748 662 3814 31.
710 3747 783 3812 In
829 3748 972 3830 ipsa
1032 3754 1245 3814 autem
1309 3748 1413 3813 die
1476 3751 1889 3815 accesserunt
1949 3746 2206 3827 quidam
2256 3744 2764 3822 Pharisaeorum,
2828 3744 2918 3810 di·

317 3857 535 3918 centes
581 3853 710 3918 illi:
759 3852 881 3918 Exi
928 3857 995 3918 et
1042 3852 1204 3917 uade
1249 3851 1415 3931 hinc,
1468 3852 1619 3932 quia
1664 3852 1959 3916 Herodes
2004 3837 2165 3914 uult‘
2191 3853 2256 3914 te
2302 3848 2614 3914 occidere.
2683 3850 2785 3913 32.
2836 3847 2921 3912 Et.

315 3957 408 4021 ait
451 3956 584 4023 illis
627 3957 859 4023 Jesus:
908 3958 1029 4033 Ite,
1076 3957 1275 4022 dicite
1320 3957 1501 4038 uulpi
1548 3956 1675 4022 illi:
1727 3957 1896 4021 Ecce
1944 3954 2106 4020 eicio
2139 3954 2470 4019 daemonia
2512 3958 2578 4017 et
2606 3955 2917 4019 sanitates

318 4059 578 4142 perficio
624 4062 820 4128 hodie
866 4067 931 4127 et
979 4081 1142 4141 craS,
1184 4068 1251 4128 et
1295 4064 1488 4127 tertia
1536 4063 1638 4127 die
1693 4078 2113 4127 consummor.
2184 4060 2287 4125 33.
2337 4059 2547 4136 Abite,
2596 4058 2747 4139 quia
2792 4076 2917 4122 non

316 4171 569 4248 oportet
615 4167 994 4249 prophetam
1062 4166 1277 4249 perire
1341 4172 1520 4232 extra
1567 4164 1997 4231 Hierusalem.
2055 4164 2158 4229 34.
2208 4162 2637 4244 Hierusalem,
2687 4160 2915 4226 Hieru-

315 4269 533 4354 salem,
595 4289 759 4353 quae
820 4271 1060 4337 occidis
1126 4272 1473 4353 prophetas
1536 4275 1602 4334 et
1661 4269 1909 4352 lapidas
1957 4287 2089 4350 e08,
2152 4268 2263 4350 qui
2317 4267 2399 4331 ad
2445 4271 2511 4331 te
2555 4267 2916 4345 mittuntur,

314 4376 611 4455 quotiens
636 4376 813 4440 uolui
839 4394 1227 4457 congregare
1252 4373 1418 4441 filios
1443 4380 1613 4454 tuos,
1647 4374 2180 4455 quemadmodum
2213 4371 2453 4452 gallina
2485 4372 2704 4436 nidum
2733 4388 2918 4437 suum

315 4478 434 4544 sub
468 4479 702 4560 pinni8‚
730 4486 796 4546 et
818 4480 1104 4545 noluisti.
1151 4480 1254 4545 35.
1283 4480 1453 4545 Ecce
1500 4478 1907 4560 relinquetur
1930 4479 2115 4544 uobis
2143 4478 2365 4542 domus
2390 4482 2606 4543 uestra
2637 4476 2914 4540 deserta.

313 4583 477 4649 Dico
522 4584 727 4665 uobiS,
773 4605 900 4650 non
947 4603 1047 4649 me
1094 4584 1419 4658 uidebitis,
1471 4585 1673 4650 donec
1721 4585 1942 4648 ueniat
1992 4583 2148 4657 dies,
2213 4600 2354 4646 cum
2404 4581 2664 4646 dicetis:
2717 4580 2918 4644 Beue-

315 4686 546 4765 dictus,
595 4690 708 4770 qui
751 4691 932 4754 uenit
977 4690 1041 4754 in
1089 4689 1342 4754 nomine
1388 4689 1648 4753 domini.
