3484 5617
522 527 647 592 136
1314 521 1676 590 Euangelium
1718 520 2021 576 secundum
2058 520 2326 575 Marcum.
2934 521 2993 575 C.
3032 527 3113 575 11.

520 735 672 798 bant
732 734 1029 814 discipuli
1092 734 1247 797 eius.
1346 734 1440 797 15.
1536 733 1620 796 Et
1665 734 1845 796 uenit
1914 733 2142 795 iterum
2191 731 2717 813 Hierosolymam.
2812 734 2897 796 Et
2970 753 3109 797 cum

517 841 841 920 ingressus
879 838 1111 903 fuisset
1144 840 1203 901 iu
1238 838 1561 917 templum,
1596 839 1809 918 coepit
1840 838 2049 900 eicere
2080 836 2226 900 inde
2263 837 2613 900 uendentes
2648 846 2713 900 et
2746 840 3111 901 ementesin

516 943 749 1024 templo
771 964 786 1021 ;
806 948 874 1007 et
888 961 1141 1007 mensas
1159 942 1722 1005 nummulariorum
1744 946 1809 1005 et
1826 941 2119 1005 catedras
2135 940 2546 1004 uendentium
2568 941 2891 1006 columbas
2932 961 3109 1006 euer-

514 1049 612 1111 tit.
658 1050 750 1112 16.
799 1048 885 1111 Et
915 1066 1039 1111 non
1072 1045 1338 1122 sinebat,
1375 1050 1445 1110 ut
1477 1048 1812 1126 quisquam
1842 1043 2219 1109 transferret
2246 1061 2359 1106 uas
2394 1062 2506 1124 per
2535 1045 2858 1124 templum,
2913 1047 3009 1111 17.
3047 1053 3110 1111 et

517 1151 783 1216 docebat
829 1151 1066 1227 dicens,
1115 1152 1420 1229 scriptum
1469 1167 1640 1214 esse:
1693 1150 1916 1213 domus
1963 1167 2102 1211 mea
2150 1150 2371 1212 domus
2418 1149 2725 1213 orationis
2775 1149 3110 1214 uocabitur

515 1256 805 1320 omnibus
851 1256 1167 1336 gentibus.
1248 1253 1378 1318 Uos
1424 1261 1634 1319 autem
1704 1253 1951 1319 fecistis
2020 1271 2158 1316 eam
2207 1253 2572 1332 speluncam
2622 1254 2956 1319 latronum.
3012 1259 3108 1319 18.

517 1360 654 1435 Quo
715 1362 935 1426 audito
997 1362 1319 1441 principes
1387 1360 1792 1423 sacerdotnm
1862 1366 1929 1422 et
1996 1359 2241 1422 scribae
2311 1358 2721 1436 quaerebant,
2793 1359 3108 1435 quomodo

512 1485 657 1529 eum
703 1466 1074 1546 perderent;
1116 1463 1436 1535 ,timebant
1482 1463 1647 1527 enim
1690 1481 1861 1540 eum,
1910 1462 2207 1542 quoniam
2256 1464 2561 1526 uniuersa
2605 1462 2795 1526 turba
2839 1461 3108 1528 admira·

515 1570 704 1635 batur
748 1588 942 1650 snper
988 1570 1279 1633 doctrina
1327 1572 1484 1633 eius,
1538 1571 1638 1635 19.
1686 1569 1774 1632 Et
1819 1586 1959 1631 cnm
2010 1586 2276 1648 uespere
2308 1566 2544 1632 factum
2579 1574 2771 1645 esset,
2820 1568 3106 1646 egredie-

511 1676 698 1738 batur
745 1675 823 1738 de
871 1675 1152 1738 ciuitate.
1205 1664 1305 1737 20.
1354 1672 1441 1735 Et
1487 1691 1625 1735 cum
1673 1670 2027 1735 transirent
2074 1688 2276 1747 mane,
2327 1671 2630 1736 uiderunt
2697 1671 2986 1735 arborem
3033 1670 3106 1734 fi-

515 1796 625 1842 cus
673 1778 913 1842 aridam
964 1777 1195 1842 factam
1245 1797 1283 1841 a
1327 1777 1670 1841 radicibus,
1767 1779 1868 1841 21.
1916 1776 2005 1839 Et
2049 1775 2424 1839 recordatus
2469 1775 2701 1839 Petrus
2748 1777 2839 1839 ait
2885 1776 3104 1839 rabbi:

511 1901 659 1947 ecce
712 1884 1004 1947 arborem
1052 1881 1228 1957 ficnS,
1278 1880 1376 1945 cui
1424 1881 1833 1956 maledixisti,
1883 1879 2070 1943 aruit.
2165 1882 2269 1944 22.
2340 1880 2426 1943 Et
2470 1880 2865 1960 respondens
2909 1879 3105 1946 Jesus

514 1989 605 2050 ait
655 1985 814 2052 illis:
867 1986 931 2052 si
980 1987 1331 2051 habueritis
1376 1983 1562 2048 fidem
1610 1985 1733 2062 dei,
1806 1987 1908 2049 23.
1956 2002 2139 2048 amen
2187 1984 2328 2047 dico
2374 1983 2576 2063 uobiS,
2625 1986 2776 2064 qnia
2821 1984 3103 2064 quicum-

509 2110 632 2172 que
679 2093 914 2156 dixerit
956 2090 1105 2154 hnic
1171 2091 1400 2154 monti:
1454 2088 1706 2153 Tollere
1754 2096 1819 2152 et
1863 2089 2117 2152 mittere
2164 2089 2226 2152 in
2276 2106 2471 2165 mare,
2542 2094 2607 2153 et
2680 2108 2804 2152 non
2873 2090 3104 2153 aesita-

509 2197 676 2260 uerit
721 2196 785 2258 in
836 2196 1025 2260 corde
1073 2212 1207 2272 sno,
1256 2194 1365 2258 sed
1415 2194 1778 2271 crediderit,
1855 2193 2138 2256 futurum
2185 2191 2313 2272 fiet,
2362 2193 2802 2275 quodcumque
2849 2193 3101 2257 dixerit.

510 2304 611 2366 24.
660 2300 1005 2380 Propterea
1051 2299 1194 2363 dico
1255 2299 1471 2363 nobis:
1538 2296 1772 2362 Omnia
1833 2314 2265 2378 quaecumque
2334 2305 2591 2362 orantes
2661 2300 2899 2379 petitiS,
2970 2316 3102 2362 cre-

508 2404 660 2483 dite,
709 2404 858 2485 qnia
907 2402 1259 2484 accipietiS,
1307 2408 1372 2466 et
1417 2403 1721 2466 euenient
1767 2401 1967 2464 nobie.
2061 2404 2161 2464 25.
2211 2401 2298 2465 Et
2360 2420 2501 2465 cum
2572 2402 2757 2466 statis
2827 2408 3101 2481 orantes,

507 2509 812 2574 dimittite
859 2510 912 2572 si
957 2508 1110 2590 quid
1180 2507 1431 2571 habetis
1477 2508 1557 2570 ad
1606 2506 1905 2586 aliquem,
1974 2512 2045 2568 ut
2091 2512 2156 2569 et
2200 2514 2387 2587 pater
2434 2513 2669 2588 uester,
2741 2509 2845 2588 qni
2894 2513 2992 2572 est
3037 2508 3101 2575 in

508 2614 722 2687 caelis,
772 2613 1052 2677 dimittat
1099 2612 1283 2677 uobis
1332 2611 1603 2674 inuicem
1655 2612 2061 2691 iniquitatem
2110 2617 2408 2674 uestram.
2505 2614 2604 2675 26.
2657 2612 2719 2676 Si
2795 2631 2911 2676 uos
2972 2631 3093 2676 non

506 2719 897 2794 dimiseritiS,
925 2736 1039 2781 nec
1088 2722 1273 2798 pater
1327 2722 1562 2797 uester,
1610 2714 1719 2794 qui
1769 2718 1869 2778 est
1915 2715 1977 2777 in
2028 2715 2240 2793 caelia,
2290 2714 2573 2780 dimittet
2619 2716 2804 2780 uobis
2835 2698 3101 2798 peccata

507 2828 746 2887 uestra.
797 2823 900 2887 27.
948 2822 1033 2885 Et
1078 2839 1302 2885 rursus
1351 2821 1533 2883 uenit
1578 2818 2107 2900 Hierosolymam,
2179 2823 2245 2883 et
2292 2837 2431 2883 cum
2478 2821 2542 2884 in
2594 2819 2831 2901 templo
2881 2821 3093 2884 ambu—

501 2927 684 3004 laret,
757 2931 1166 2990 accesserunt
1232 2926 1312 2989 ad
1386 2943 1531 2988 eum
1579 2926 1806 2987 summi
1854 2925 2221 2988 sacerdotes
2268 2928 2333 2988 et
2380 2925 2633 2989 scribae
2680 2929 2744 2988 et
2790 2924 3094 2990 seniores

509 3034 610 3097 28.
659 3039 725 3096 et
770 3032 1068 3095 dixerunt
1112 3031 1247 3095 illi:
1319 3031 1390 3093 In
1440 3048 1565 3110 qua
1612 3034 1931 3110 potestate
1977 3029 2134 3092 haec
2179 3027 2383 3092 facis?
2452 3034 2517 3092 et
2565 3029 2707 3108 quis
2752 3030 2871 3093 tibi
2922 3029 3096 3094 dedit

500 3136 664 3200 hanc
710 3140 1108 3216 potestatem.
1158 3136 1259 3199 29.
1311 3133 1504 3198 Jesus
1550 3139 1764 3197 autem
1813 3133 2203 3214 respondens
2252 3135 2349 3197 ait
2396 3133 2562 3197 illis:
2610 3133 2948 3215 Interrogo
2979 3153 3096 3198 uos

506 3245 570 3304 et
617 3257 733 3319 ego
780 3257 973 3301 unum
1024 3241 1325 3314 uerbum3
1376 3238 1761 3318 respondete
1808 3237 1982 3315 mihi,
2031 3244 2096 3300 et
2141 3238 2346 3301 dicam
2394 3238 2599 3312 uobis,
2650 3239 2714 3301 in
2763 3256 2889 3318 qua
2921 3244 3094 3319 pote-

509 3348 677 3407 state
722 3341 884 3406 haec
932 3340 1115 3405 facio:
1166 3343 1265 3405 30.
1319 3341 1652 3420 Baptisma
1697 3341 2031 3423 Johannis‚
2085 3340 2162 3403 de
2210 3343 2385 3406 caelo
2434 3348 2591 3425 erat,
2641 3361 2721 3407 an
2768 3361 2843 3406 ex
2892 3343 3094 3407 homi-

504 3446 744 3510 nibus?
788 3446 1170 3526 respondete
1217 3445 1394 3509 mihi.
1443 3449 1543 3510 31.
1594 3446 1690 3508 Ad
1738 3446 1830 3510 1111
1883 3448 2249 3525 cogitabant
2295 3446 2631 3510 aduersum
2682 3465 2750 3510 se
2785 3448 3092 3524 dicenteS,

503 3551 654 3632 quid
702 3552 761 3614 ei
805 3550 1291 3630 responderent.
1336 3549 1400 3615 si
1451 3550 1831 3614 dixerimus:
1881 3551 1960 3614 de
2007 3551 2204 3627 caeIO,
2255 3550 2412 3615 dicit
2457 3550 2678 3615 nobis:
2735 3569 2933 3631 quare
2968 3570 3090 3615 non

506 3657 867 3719 credidistis
914 3654 1058 3720 illi‘?
1147 3658 1248 3720 32.
1312 3652 1377 3718 Si
1427 3673 1580 3718 nero
1631 3655 2008 3719 dixerimus:
2060 3673 2137 3718 ex
2182 3654 2563 3734 hominibus,
2610 3655 2910 3719 timemus
2961 3656 3092 3735 plc-

500 3759 673 3836 bem3
722 3778 942 3825 omnes
989 3761 1156 3822 enim
1204 3760 1491 3823 sciebant
1562 3758 1897 3822 Johannen
1942 3779 2098 3823 uere
2142 3758 2516 3840 prophetam
2566 3758 2782 3824 fuisse.
2855 3761 2957 3826 33.
3005 3760 3093 3823 Et

498 3865 960 3945 respondentes
1008 3864 1307 3928 dixerunt
1353 3864 1432 3929 ad
1481 3863 1738 3928 Jesum:
1790 3862 2144 3928 Nescimus.
2235 3866 2322 3928 Et
2368 3866 2759 3945 respondens
2819 3866 2914 3929 ait
2960 3865 3090 3928 illis

493 3967 719 4046 Jesus:
767 3967 990 4049 Neque
1037 3986 1153 4049 ego
1202 3969 1341 4033 dico
1387 3968 1589 4047 uobis,
1638 3971 1703 4032 in
1751 3987 1878 4049 qua
1924 3974 2243 4050 potestate
2302 3970 2461 4060 haec
2503 3970 2690 4036 facio.

701 4173 872 4242 XII.
923 4182 978 4243 1.
1030 4177 1258 4258 Coepit
1284 4183 1498 4240 autem
1533 4177 1661 4241 illis
1690 4179 1755 4241 in
1789 4178 2111 4258 parabolis
2143 4178 2338 4260 loqui,
2388 4180 2479 4242 ita
2512 4180 2762 4245 dicens:
2811 4177 3084 4244 Uineam

498 4280 851 4361 pastinanit
898 4281 1083 4346 homo
1131 4288 1197 4344 et
1241 4281 1664 4345 circumdedit
1711 4300 1968 4362 saepem
2018 4289 2083 4345 et
2127 4281 2291 4347 fodit
2351 4285 2557 4347 lacum
2604 4288 2670 4347 et
2717 4280 3090 4348 aedificauit

493 4388 736 4448 turrem
784 4392 849 4449 et
895 4385 1165 4449 tradidit
1210 4403 1346 4450 eam
1396 4386 1637 4449 colonis
1684 4389 1750 4448 et
1796 4404 2059 4467 peregre
2107 4386 2429 4467 profectus
2478 4393 2594 4451 est.
2673 4390 2731 4451 2.
2781 4387 2867 4452 Et
2912 4387 3089 4451 misit

495 4490 576 4552 ad
623 4490 880 4553 colonos
926 4492 990 4554 in
1039 4495 1333 4570 tempore
1376 4509 1651 4572 sernum,
1700 4494 1773 4553 ut
1815 4489 2091 4554 fructum
2139 4511 2217 4554 ex
2263 4493 2457 4556 uinea
2490 4493 2716 4556 darent
2762 4494 2840 4556 ei.
2888 4494 2948 4557 3.
2998 4490 3087 4554 Et

494 4593 962 4673 adprehensum
1026 4614 1168 4659 eum
1219 4595 1590 4660 ceciderunt
1646 4601 1714 4658 et
1761 4595 2138 4659 dimiserunt
2198 4615 2463 4659 uacuum
2526 4598 2605 4660 ad
2652 4615 2813 4661 eum.
2887 4599 2948 4661 4.
2999 4596 3087 4660 Et

492 4698 720 4761 iterum
768 4700 944 4763 misit
989 4699 1066 4762 ad
1116 4699 1260 4762 illos
1307 4700 1500 4763 alium
1549 4718 1829 4776 seruum,
1877 4707 1942 4763 et
1989 4699 2163 4763 illum
2214 4702 2275 4762 in
2325 4702 2533 4781 capite
2579 4702 3086 4766 uulnerauerunt

492 4806 557 4868 et
603 4803 1004 4867 contumeliis
1072 4803 1461 4867 adfecerunt.
1526 4807 1584 4872 5.
1635 4803 1721 4869 Et
1779 4805 1974 4868 alium
2036 4803 2212 4868 misit
2257 4823 2535 4883 seruum,
2583 4811 2649 4871 et
2696 4806 2871 4870 illum
2921 4805 3080 4868 occi-
