3484 5617
350 469 406 520 C.
447 474 494 524 2.
1114 466 1479 536 Euangelium
1520 468 1826 522 secundum
1865 471 2171 524 Lucanum.
2749 530 2756 535 ,
2870 481 2946 544 81

347 700 443 759 eo,
493 681 593 745 28.
642 684 708 744 et
754 680 894 761 ipse
940 677 1185 758 accepit
1230 696 1371 742 eum
1435 679 1498 742 in
1546 680 1836 744 manibus
1901 684 1969 745 et
2014 681 2339 747 benedixit
2403 684 2593 749 deum
2642 690 2709 749 et
2757 686 2949 751 dixit:

348 787 451 850 29.
498 785 682 849 Nunc
743 784 995 848 dimitte
1056 801 1310 847 seruum
1372 787 1550 847 tuum
1612 784 1866 850 domine
1928 789 2279 852 secundum
2344 787 2614 853 uerbum
2660 795 2842 855 tuum
2886 790 2951 854 in

345 908 520 972 pace,
568 890 672 955 30.
721 887 873 970 quia
919 887 1222 952 uiderunt
1267 887 1433 952 oculi
1501 888 1625 951 mei
1672 888 1959 954 salutare
2027 895 2227 966 tuum,
2320 895 2423 958 31.
2496 894 2665 975 quod
2712 898 2951 975 parasti

345 1001 494 1059 ante
540 993 766 1057 faciem
813 993 1090 1057 omnium
1141 991 1540 1073 populorum,
1632 995 1735 1057 32.
1784 994 1999 1058 lumen
2061 995 2142 1059 ad
2204 998 2664 1064 reuelationem
2729 1001 2948 1066 oculo·-

342 1118 481 1162 rum
528 1103 595 1162 et
638 1098 906 1179 gloriam
973 1097 1182 1178 plebis
1251 1100 1402 1161 tuae
1448 1096 1748 1162 Istrahel.
1840 1099 1945 1164 33.
1993 1098 2080 1163 Et
2123 1107 2263 1165 erat
2306 1101 2548 1182 Joseph
2620 1109 2684 1167 et
2746 1110 2951 1169 mater

346 1205 484 1269 eius
530 1204 836 1267 mirantes
906 1219 1098 1282 super
1158 1200 1287 1278 his,
1349 1220 1512 1282 quae
1574 1202 1952 1269 dicebantur
2013 1205 2092 1268 de
2137 1205 2265 1269 illo.
2337 1208 2441 1272 34.
2492 1206 2577 1270 Et
2622 1207 2950 1273 benedixit

347 1309 493 1374 illos
538 1309 850 1391 Symaeon
896 1312 964 1371 et
1010 1307 1172 1371 dixit
1204 1307 1284 1371 ad
1317 1306 1584 1371 Mariam
1618 1314 1883 1374 matrem
1931 1310 2102 1374 eius:
2165 1308 2332 1375 Ecce
2391 1310 2495 1375 hic
2557 1313 2804 1393 positus
2850 1318 2952 1377 est

342 1417 407 1478 in
451 1431 672 1478 casum
720 1417 784 1476 et
830 1412 1366 1478 resurrectionem
1412 1411 1754 1476 multorum
1818 1415 1881 1477 in
1907 1413 2187 1478 Istrahel
2233 1421 2299 1478 et
2343 1415 2408 1478 in
2455 1416 2725 1498 signum,
2773 1418 2942 1498 quod

343 1520 838 1585 contradicetur.
930 1519 1035 1582 35.
1084 1519 1170 1583 Et
1233 1523 1410 1582 tuam
1481 1518 1683 1598 ipsius
1752 1519 2023 1583 animam
2074 1521 2465 1601 pertransiet
2530 1519 2803 1600 gladius,
2877 1526 2949 1586 ut

348 1625 717 1690 reuelentur
761 1623 1106 1711 multorum
1154 1622 1438 1688 cordium
1489 1623 1931 1704 cogitationes.
2023 1625 2126 1689 36.
2175 1624 2261 1689 Et
2306 1624 2490 1689 Anna
2539 1626 2944 1708 prophetissa

349 1728 479 1794 filia
519 1729 759 1793 Fanuel
821 1727 900 1791 de
946 1727 1116 1792 tribu
1166 1727 1344 1807 Aser,
1413 1727 1572 1791 haec
1619 1733 2029 1809 processerat
2090 1728 2154 1792 in
2203 1728 2428 1794 diebus
2474 1729 2693 1795 multis
2739 1734 2809 1795 et
2852 1732 2946 1794 ui-

349 1840 536 1898 xerat
579 1851 772 1898 annos
835 1851 975 1896 cum
1025 1832 1166 1896 uiro
1227 1851 1344 1897 suo
1391 1831 1512 1896 VII
1558 1851 1598 1896 a
1642 1833 2024 1913 uirginitate
2071 1850 2215 1911 sua,
2282 1835 2385 1898 37.
2435 1838 2500 1897 et
2546 1833 2704 1899 haec
2751 1834 2948 1899 uidua

348 1957 653 2002 annorum
697 1936 1083 2015 LXXXIIII,
1145 1955 1309 2017 quae
1358 1956 1483 2000 non
1530 1937 1908 2002 discedebat
1966 1938 2046 2002 de
2092 1937 2351 2018 temp10,
2413 1938 2672 2003 ieiuniis
2719 1943 2785 2002 et
2831 1939 2940 2004 ob-

343 2040 815 2109 seruationibus
861 2041 1153 2107 seruiens
1219 2044 1404 2107 nocte
1465 2060 1539 2106 ac
1586 2041 1708 2107 die.
1803 2044 1900 2110 38.
1953 2043 2041 2106 Et
2087 2043 2264 2120 haec,
2326 2044 2465 2125 ipsa
2536 2042 2693 2108 hora
2764 2048 2943 2110 stans

342 2145 763 2212 confitebatur
808 2145 1064 2210 domino
1128 2151 1195 2210 et
1239 2146 1625 2227 loquebatur
1688 2147 1769 2210 de
1815 2146 1927 2213 illo
1974 2147 2286 2227 omnibus,
2352 2149 2462 2229 qui
2524 2149 2948 2230 expectabant

341 2255 843 2334 redemptionem
909 2250 1334 2316 Hierusalem.
1429 2252 1531 2317 39.
1579 2252 1667 2316 Et
1726 2257 1802 2316 ut
1862 2250 2266 2333 perfecerunt
2325 2254 2535 2317 omnia
2598 2255 2945 2318 secundum

337 2359 544 2439 legem
594 2358 853 2434 domini,
901 2355 1149 2421 reuersi
1197 2362 1346 2422 sunt
1394 2357 1458 2420 in
1506 2357 1858 2422 Galilaeam
1901 2359 1967 2421 in
2001 2357 2326 2423 ciuitatem
2375 2376 2553 2422 suam
2601 2358 2941 2423 Nazareth.

338 2465 441 2528 40.
493 2464 661 2527 Puer
707 2466 917 2527 autem
969 2460 1446 2526 confortabatur
1494 2467 1560 2526 et
1606 2461 1935 2526 crescebat
1982 2466 2046 2525 et
2094 2461 2481 2543 implebatur
2524 2462 2845 2544 sapientia
2875 2469 2944 2528 et

338 2570 547 2651 gratia
591 2568 696 2633 dei
744 2571 884 2631 erat
931 2585 1073 2630 cum
1141 2566 1273 2632 illo.
1363 2569 1467 2630 41.
1518 2566 1604 2629 Et
1652 2566 1834 2631 ibant
1894 2566 2139 2647 Joseph
2202 2572 2267 2633 et
2313 2567 2523 2631 Maria
2565 2586 2681 2649 per
2725 2586 2943 2633 omnes

337 2691 541 2738 annos
617 2673 681 2735 in
729 2670 1132 2736 Hierusalem
1201 2671 1266 2734 in
1316 2671 1487 2734 diem
1555 2669 1851 2734 sollemni
1923 2670 2217 2750 paschae.
2308 2672 2417 2734 42.
2463 2671 2551 2735 Et
2598 2690 2743 2737 cum
2789 2671 2940 2737 facti

340 2781 554 2843 essent
600 2774 695 2840 illi
755 2775 905 2840 anni
952 2775 1102 2852 XII,
1171 2779 1238 2840 et
1285 2775 1725 2839 ascendissent
1789 2774 1855 2836 in
1902 2774 2335 2839 Hierusolima
2397 2776 2748 2841 secundum
2796 2795 2942 2841 con-

340 2881 741 2947 suetudinem
792 2881 918 2945 diei
965 2880 1158 2958 festi3
1205 2882 1309 2945 43.
1361 2878 1946 2960 consummatisque
1992 2878 2242 2957 diebuS,
2291 2901 2431 2946 cum
2477 2881 2784 2963 redirent,
2833 2899 2933 2944 re·
3031 2873 3039 2879 ’

339 2988 570 3052 mansit
616 2985 811 3050 Jesus
874 3003 1036 3067 puer
1081 2986 1146 3048 in
1194 2984 1615 3063 Hierusalem,
1671 2990 1737 3049 et
1783 3003 1909 3049 non
1970 2986 2273 3066 cognouit
2315 2985 2559 3068 Joseph
2624 2988 2692 3049 et
2737 2989 2940 3051 mater

345 3094 497 3171 eius,
544 3093 651 3157 44.
702 3090 1145 3155 existimantes
1208 3090 1387 3154 illum
1436 3107 1580 3154 esse
1639 3091 1705 3154 in
1755 3090 2085 3173 comitatu,
2134 3097 2451 3156 uenerunt
2520 3090 2647 3156 iter
2696 3090 2824 3154 diei
2874 3095 2938 3155 et

344 3197 754 3279 requirebant
821 3214 965 3260 eum
1034 3196 1202 3261 inter
1271 3200 1576 3277 cognatos
1645 3200 1710 3259 et
1780 3201 1989 3261 notos.
2078 3196 2183 3263 45.
2234 3197 2318 3261 Et
2361 3216 2485 3262 non
2534 3194 2937 3260 inuenientes

340 3323 484 3368 eum
528 3300 808 3384 regressi
875 3303 1023 3365 sunt
1094 3300 1160 3364 in
1220 3300 1623 3366 Hierusalem
1692 3305 2076 3382 quaerentes
2144 3320 2308 3366 eum.
2400 3303 2506 3366 46.
2553 3301 2640 3365 Et
2703 3301 2939 3366 factum

339 3412 438 3474 est
481 3413 631 3491 post
674 3406 888 3472 triduo
934 3406 1323 3470 inuenerunt
1368 3405 1547 3470 illum
1595 3408 1659 3472 in
1707 3408 1941 3489 templo
1988 3408 2320 3473 sedentem
2354 3407 2419 3471 in
2468 3406 2676 3472 medio
2724 3407 2938 3472 docto-

337 3533 496 3589 rum,
568 3513 935 3579 audientem
1006 3511 1148 3576 illos
1232 3515 1300 3575 et
1365 3511 1867 3594 interrogantem
1940 3529 2067 3577 eos.
2161 3515 2261 3578 47.
2313 3511 2670 3594 Stupebant
2718 3517 2934 3576 autem

345 3636 583 3701 omnes,
655 3617 765 3699 qui
814 3635 955 3681 eum
1003 3616 1366 3694 audiebant,
1429 3633 1622 3696 super
1688 3615 2033 3697 prudentia
2101 3621 2168 3680 et
2211 3617 2536 3698 responsis
2583 3616 2743 3681 eius
2833 3619 2936 3680 48.

342 3724 426 3787 Et
469 3725 607 3791 uiso
654 3723 765 3787 illo
814 3724 1234 3805 expauerunt,
1301 3726 1366 3786 et
1411 3721 1573 3786 dixit
1632 3724 1837 3784 mater
1897 3722 2034 3784 eius
2096 3721 2176 3784 ad
2224 3720 2435 3784 illum:
2491 3717 2600 3797 fili,
2651 3719 2802 3799 quid
2849 3718 2939 3783 fe-

344 3829 487 3894 cisti
532 3827 712 3894 nobis
758 3828 901 3893 sic?
971 3828 1264 3891 dolentes
1331 3825 1797 3908 quaerebamus
1843 3830 1928 3889 te.
2005 3825 2092 3889 Et
2137 3825 2232 3890 ait
2278 3824 2359 3888 ad
2408 3822 2586 3889 illos:
2639 3823 2789 3903 quid
2837 3830 2937 3889 est

343 3934 510 4014 quod
553 3951 653 3997 me
686 3931 1036 4016 quaeritis?
1080 3932 1185 3995 49.
1248 3929 1536 4009 nescitiS,
1568 3931 1718 4013 quia
1752 3930 1816 3995 in
1852 3932 2111 4012 propria
2151 3930 2349 4011 patris
2382 3930 2506 3993 mei
2538 3933 2792 4014 oportet
2833 3948 2936 3994 me

337 4039 532 4104 esse?
619 4038 722 4103 50.
790 4037 877 4101 Et
922 4037 1047 4118 ipsi
1095 4054 1221 4101 non
1294 4037 1753 4101 intellexerunt
1799 4035 2089 4118 uerbum,
2159 4034 2331 4116 quod
2401 4034 2657 4098 locutus
2706 4038 2806 4098 est
2851 4035 2933 4099 ad

335 4141 498 4210 illos.
587 4143 691 4207 51.
737 4141 825 4206 Et
869 4140 1047 4206 uenit
1092 4140 1414 4205 Nazareth
1484 4146 1549 4205 et
1616 4145 1762 4206 erat
1831 4140 2127 4206 subditus
2174 4138 2323 4204 illis.
2392 4138 2480 4202 Et
2541 4141 2746 4202 mater
2793 4138 2930 4203 eius

333 4248 761 4313 conseruabat
804 4246 1014 4311 omnia
1075 4245 1273 4309 uerba
1333 4246 1491 4311 haec
1538 4247 1602 4312 in
1652 4247 1844 4312 corde
1893 4265 2030 4311 suo.
2122 4244 2225 4310 52.
2272 4245 2359 4309 Et
2405 4243 2598 4309 Jesus
2646 4241 2934 4324 proficie-

334 4352 443 4417 bat
490 4355 702 4417 aetate
750 4357 815 4416 et
862 4349 1183 4433 sapientia
1227 4355 1293 4414 et
1338 4353 1551 4432 gratia
1597 4355 1755 4432 aput
1804 4353 1989 4416 deum
2037 4355 2103 4415 et
2149 4349 2457 4415 homines.

540 4541 672 4609 111.
725 4544 779 4606 1.
827 4543 1010 4609 Anno
1073 4549 1287 4609 autem
1351 4541 1824 4623 quintodecimo
1887 4542 2140 4622 imperii
2183 4541 2398 4607 Tiberi
2444 4541 2743 4623 caesariS,
2790 4559 2934 4621 pro-

332 4653 597 4713 curante
665 4648 894 4713 l‘ontio
949 4648 1158 4712 Pilato
1204 4646 1513 4722 Judaeae,
1582 4647 1909 4710 tetrarcha
1977 4650 2192 4711 autem
2261 4645 2589 4711 Galilaeae
2653 4644 2931 4721 Herode,

330 4752 628 4835 Philippo
675 4756 889 4817 autem
922 4750 1121 4817 fratre
1169 4753 1309 4818 eius
1341 4751 1669 4818 tetrarcha
1715 4750 1971 4816 Itureae
2004 4756 2070 4815 et
2093 4750 2469 4817 Traconidis
2514 4749 2819 4832 regionis,
2865 4754 2933 4813 et

2621 4874 2653 4923 6
