3484 5617
539 497 577 567 8
1260 492 1632 567 Euangelium
1673 490 1975 552 secundum
2012 489 2376 550 Matthaeum.
3002 489 3059 547 C.
3088 496 3137 565 ’7ο

535 705 804 786 fueritis,
872 707 1173 771 metietur
1218 704 1299 769 de
1343 703 1545 770 uobis.
1638 706 1698 771 3.
1751 702 1917 780 Quid
1966 706 2180 767 autem
2229 701 2411 765 uides
2473 700 2781 765 festucam
2845 701 2909 765 in
2957 703 3139 766 oculo

538 808 754 876 fratris
796 810 910 888 tui,
960 815 1026 874 et
1072 808 1314 873 trabem
1362 808 1427 873 in
1473 808 1658 874 oculo
1707 813 1818 872 tuo
1866 826 1991 871 non
2038 806 2270 870 uides?
2314 808 2374 872 4.
2425 806 2553 871 Aut
2614 805 2926 888 quomodo
2974 805 3136 870 dicis

535 913 719 979 fratri
750 918 893 981 tuo:
967 913 1142 992 Sine,
1205 914 1426 978 eiciam
1471 912 1783 981 festucam
1833 911 1911 976 de
1956 911 2138 977 oculo
2186 915 2315 991 tuo,
2378 915 2445 975 et
2489 929 2638 976 ecce
2683 908 2886 975 trabis
2932 915 3033 975 est
3071 911 3135 974 in

536 1019 718 1084 oculo
766 1019 922 1085 tuo?
969 1020 1030 1085 5.
1078 1017 1453 1101 Hypocrita,
1524 1018 1661 1084 eice
1706 1018 1981 1098 primum
2027 1014 2274 1080 trabem
2321 1014 2398 1080 de
2445 1014 2626 1080 oculo
2670 1020 2803 1093 tuo,
2872 1019 2937 1079 et
2982 1020 3131 1080 tunc

535 1123 799 1207 uidebis,
861 1122 1171 1189 festucam
1233 1123 1314 1187 de
1377 1122 1558 1187 oculo
1619 1121 1837 1188 fratris
1897 1121 2011 1187 tui.
2080 1124 2140 1188 6.
2189 1120 2403 1185 Nolite
2463 1119 2616 1184 dare
2683 1124 2973 1184 sanctum
3038 1139 3134 1184 ca-

533 1227 738 1307 nibu8‚
801 1245 1007 1311 neque
1052 1227 1352 1293 miseritis
1416 1228 1797 1309 margaritas
1840 1231 2091 1292 uestras
2154 1230 2304 1291 ante
2357 1244 2606 1306 porcos,
2657 1244 2737 1288 ne
2783 1223 2950 1290 forte
2996 1244 3134 1291 con-

541 1333 794 1398 culcent
838 1351 948 1398 eas
993 1332 1264 1414 pedibus
1310 1333 1445 1398 suis
1492 1336 1558 1397 et
1605 1332 1896 1398 conuersi
1928 1331 2327 1412 disrumpant
2359 1349 2498 1396 uos.
2548 1332 2604 1395 7.
2656 1330 2882 1407 Petite,
2930 1335 2995 1395 et
3026 1330 3136 1395 da-

537 1435 710 1501 bitur
753 1436 970 1512 uobis;
1019 1438 1324 1519 quaerite,
1377 1441 1446 1501 et
1486 1437 1849 1518 inuenietiS,
1899 1437 2151 1519 pulsate
2191 1439 2256 1500 et
2285 1435 2609 1517 aperietur
2640 1433 2845 1501 uobis,
2894 1436 2951 1499 8.
2989 1434 3133 1501 Om-

537 1542 635 1606 nis
682 1542 849 1607 enim
920 1542 1027 1623 qui
1077 1542 1239 1623 petit
1284 1543 1534 1623 accipit,
1584 1546 1650 1607 et
1693 1543 1804 1625 qui
1878 1542 2130 1625 quaerit
2193 1541 2463 1620 inuenit,
2533 1545 2599 1605 et
2643 1539 2922 1621 pulsanti
2989 1558 3133 1622 ape-

539 1646 761 1712 rietur.
853 1646 911 1712 9.
977 1645 1104 1710 Aut
1164 1647 1307 1728 quis
1355 1665 1432 1711 ex
1495 1647 1677 1713 uobis
1738 1647 1924 1711 homo
1986 1667 2025 1711 a
2093 1665 2217 1729 quo
2264 1650 2441 1728 petet
2487 1644 2657 1709 filius
2706 1646 2842 1710 eius
2885 1662 3135 1727 panem,

540 1750 846 1833 numquid
894 1749 1174 1831 lapidem
1219 1752 1492 1833 porrigit
1537 1751 1643 1816 ei?
1693 1754 1791 1817 10.
1843 1753 1974 1816 Aut
2017 1751 2072 1818 si
2120 1751 2362 1833 piscem
2408 1751 2588 1833 petit,
2654 1750 2961 1830 numquid
3006 1769 3135 1815 ser-

536 1859 797 1937 pentem
846 1854 1115 1937 porrigit
1160 1856 1266 1920 ei?
1316 1858 1415 1922 11.
1464 1856 1532 1922 Si
1579 1875 1727 1938 ergo
1774 1875 1891 1922 uos
1939 1874 2077 1921 cum
2126 1857 2267 1921 sitis
2313 1855 2482 1935 mali,
2531 1856 2733 1920 nostis
2782 1854 2947 1918 bona
2994 1855 3139 1919 data

541 1959 693 2024 dare
737 1956 889 2024 filiis
938 1960 1198 2039 uestriS,
1245 1968 1482 2042 quanto
1530 1963 1731 2044 magis
1777 1965 1963 2043 pater
2007 1965 2242 2041 uester,
2293 1962 2403 2042 qui
2451 1962 2513 2025 in
2561 1961 2755 2025 caelis
2788 1965 2905 2035 est,
2957 1960 3136 2026 dabit

534 2064 701 2131 bona
766 2064 1133 2147 petentibus
1200 2085 1289 2132 se.
1383 2069 1483 2133 12.
1534 2064 1766 2132 Omnia
1811 2086 1964 2149 ergo
2012 2084 2449 2149 quaecumque
2511 2066 2727 2145 uultis,
2777 2071 2850 2129 ut
2894 2065 3135 2129 faciant

537 2172 723 2237 uobis
765 2170 1053 2236 homines
1099 2171 1278 2252 bona,
1328 2174 1419 2238 ita
1465 2178 1531 2239 et
1570 2191 1687 2238 uos
1733 2171 1928 2238 facite
1975 2173 2124 2239 illis.
2177 2172 2352 2238 Haec
2399 2176 2500 2236 est
2545 2172 2709 2236 enim
2760 2171 2860 2235 lex
2903 2177 2969 2235 et
2996 2189 3138 2251 pro-

540 2277 789 2358 phetae.
830 2278 926 2342 13.
961 2275 1208 2343 Intrate
1240 2296 1357 2358 per
1381 2283 1719 2360 angustam
1771 2284 2051 2361 portam3
2086 2297 2275 2359 quam
2305 2278 2439 2343 lata
2470 2282 2534 2342 et
2566 2277 2846 2360 spatiosa
2878 2283 2977 2341 est
3011 2276 3136 2357 uia,

537 2397 719 2462 quae·
747 2381 926 2447 ducit
971 2381 1051 2445 ad
1111 2382 1558 2464 perditionem,
1635 2389 1702 2449 et
1745 2383 1925 2448 multi
1973 2388 2123 2448 sunt
2182 2384 2292 2466 qui
2338 2383 2581 2448 intrant
2627 2399 2740 2463 per
2784 2401 2944 2446 eam.
2995 2455 3004 2464 J
3042 2383 3139 2446 14.

539 2486 740 2564 Quam
788 2490 1059 2568 angusta
1108 2491 1296 2569 porta
1341 2493 1407 2552 et
1454 2493 1633 2554 arcta
1693 2496 1795 2553 est
1840 2490 1967 2569 uia,
2009 2507 2172 2570 quae
2218 2489 2397 2553 ducit
2444 2487 2524 2552 ad
2573 2488 2789 2564 uitam,
2840 2492 2905 2551 et
2960 2486 3143 2568 pauci

538 2595 703 2668 sunt,
752 2589 863 2671 qui
907 2590 1243 2656 inueniunt
1288 2611 1446 2656 eam.
1521 2595 1619 2660 15.
1670 2593 2008 2659 Attendite
2054 2593 2235 2658 uobis
2285 2611 2321 2656 a
2367 2591 2548 2656 falsis
2609 2591 2958 2672 prophetis,
3029 2592 3137 2673 qui

538 2694 805 2758 ueniunt
847 2693 927 2758 ad
972 2713 1087 2760 uos
1131 2697 1199 2760 in
1245 2696 1481 2761 uestitu
1532 2698 1768 2772 ouium,
1840 2698 2011 2762 intus
2061 2702 2272 2761 autem
2318 2698 2468 2760 sunt
2514 2696 2646 2776 lupi
2691 2714 2988 2777 rapaces3
3041 2698 3139 2762 16.

535 2816 577 2862 a
614 2796 925 2864 fructibus
970 2817 1190 2864 eorum
1239 2801 1634 2883 cognoscetis
1681 2820 1809 2867 eos.
1874 2800 2039 2866 Num
2087 2802 2395 2882 colligunt
2439 2801 2520 2865 de
2565 2800 2765 2881 spinis
2816 2819 2972 2866 uuas
3020 2804 3136 2863 aut

538 2902 615 2965 de
660 2903 911 2969 tribolis
962 2901 1153 2969 ficus?
1217 2905 1312 2970 17.
1362 2904 1466 2995 Sic
1513 2908 1715 2972 omnis
1763 2905 1953 2971 arbor
1997 2907 2163 2970 bona
2196 2907 2394 2970 bonos
2434 2905 2681 2969 fructus
2730 2903 2916 2983 facit;
2968 2904 3136 2968 mala

536 3010 747 3073 autem
792 3007 981 3072 arbor
1028 3007 1225 3073 malos
1270 3007 1517 3074 fructus
1564 3009 1739 3078 facit.
1812 3012 1911 3076 18.
1984 3008 2127 3074 Non
2174 3015 2387 3090 potest
2454 3009 2641 3073 arbor
2712 3009 2877 3074 bona
2944 3009 3142 3073 malos

535 3109 782 3175 fructus
827 3111 1058 3191 facere,
1151 3131 1354 3196 neque
1442 3115 1630 3179 arbor
1718 3115 1887 3178 mala
1977 3114 2177 3179 bonos
2222 3114 2465 3179 fructus
2511 3114 2741 3179 facere.
2815 3117 2913 3180 19.
2993 3112 3142 3178 Om-

538 3216 639 3279 nis
727 3233 877 3296 ergo
956 3216 1164 3296 arbor,
1258 3234 1421 3298 quae
1509 3237 1633 3282 non
1725 3217 1885 3282 facit
1974 3217 2247 3282 fructum
2355 3218 2602 3291 bonum,
2672 3218 3000 3283 excidetur
3078 3222 3145 3282 et

539 3320 605 3386 iu
697 3317 909 3399 ignem
1001 3321 1310 3386 mittetur.
1447 3324 1551 3388 2Ο.
1661 3322 1890 3403 Itaque
1997 3342 2071 3387 ex
2177 3322 2493 3387 fructibus
2599 3342 2815 3388 eorum
2916 3342 3140 3405 cogno-

542 3423 740 3488 scetis
784 3441 912 3492 eos.
960 3429 1062 3491 21.
1111 3426 1251 3491 Non
1298 3428 1500 3493 omnis
1525 3428 1634 3508 qui
1682 3428 1847 3492 dicit
1892 3428 2079 3493 mihi:
2129 3428 2401 3508 domine,
2450 3428 2719 3506 domine,
2771 3429 3034 3493 intrabit
3077 3428 3141 3492 in

539 3534 804 3607 regnum
856 3528 1191 3613 caelorum,
1243 3532 1352 3597 sed
1416 3533 1517 3597 his
1579 3532 1688 3615 qui
1749 3531 1903 3597 facit
1961 3533 2355 3598 uoluntatem
2414 3533 2617 3612 patris
2680 3534 2822 3616 mei,
2894 3532 3004 3614 qui
3078 3532 3143 3595 in

544 3632 737 3698 caelis
790 3638 909 3712 est,
956 3635 1094 3717 ipse
1142 3635 1412 3701 intrabit
1459 3638 1523 3701 in
1570 3656 1835 3719 regnum
1882 3637 2219 3703 caelorum.
2315 3640 2416 3702 22.
2488 3637 2677 3701 Multi
2726 3637 2883 3701 mihi
2928 3638 3143 3702 dicent

539 3734 605 3802 in
649 3736 759 3801 illa
808 3737 944 3802 die:
994 3740 1264 3814 domine,
1317 3740 1590 3822 domine,
1639 3761 1764 3806 non
1799 3761 1883 3807 ne
1913 3743 1979 3807 in
2014 3745 2268 3807 nomine
2315 3747 2426 3806 tuo
2467 3741 3010 3822 prophetanimus,
3078 3745 3144 3807 et

539 3839 603 3903 in
649 3843 904 3906 nomine
967 3847 1081 3908 tuo
1142 3844 1476 3911 daemonia
1521 3847 1843 3926 eiecimuS,
1909 3852 1978 3911 et
2023 3848 2086 3912 in
2133 3853 2241 3911 tuo
2292 3846 2542 3910 nomine
2588 3847 2861 3911 uirtutes
2907 3846 3141 3911 multas
3259 3875 3264 3878 Α

537 3943 849 4010 fecimus?
897 3949 999 4013 23.
1046 3948 1135 4014 Et
1183 3952 1336 4015 tunc
1382 3953 1604 4016 iurabo
1650 3953 1815 4018 illis:
1867 3952 2017 4034 quia
2064 3971 2189 4017 non
2235 3950 2382 4016 nobi
2429 3970 2581 4029 uos;
2631 3951 2945 4016 discedite
2976 3971 3015 4015 a
3043 3970 3143 4016 me

537 4171 679 4220 mea
724 4155 884 4220 haec
927 4161 993 4221 et
1036 4156 1193 4223 facit
1216 4177 1310 4238 ea,
1358 4161 1585 4227 similis
1631 4166 1731 4226 est
1778 4163 1917 4225 uiro
1979 4162 2271 4242 sapienti,
2318 4161 2428 4243 qui
2474 4159 2841 4225 aedificauit
2891 4161 3143 4225 domum

540 4277 717 4324 suam
777 4278 974 4342 supra
1038 4268 1323 4344 petram3
1414 4265 1518 4330 25.
1580 4266 1913 4332 descendit
1961 4265 2197 4349 plubia,
2246 4266 2566 4332 flauerunt
2611 4267 2810 4344 uenti,
2860 4267 3138 4330 aduene-

537 4368 682 4430 rant
724 4362 1004 4445 fiumina‚
1052 4370 1119 4431 et
1162 4366 1562 4434 offenderunt
1605 4372 1672 4434 in
1718 4372 1971 4436 domum
2020 4372 2212 4451 illam,
2262 4375 2327 4436 et
2377 4389 2499 4435 non
2552 4370 2813 4448 cecidit3
2879 4369 3145 4435 fundata

539 4473 681 4533 erat
725 4471 891 4535 enim
940 4490 1135 4554 super
1180 4478 1446 4554 petram.
1496 4477 1597 4541 26.
1650 4476 1735 4540 Et
1783 4479 1986 4542 omnis
2032 4479 2142 4558 qui
2217 4476 2399 4540 audit
2442 4474 2645 4540 uerba
2690 4494 2830 4540 mea
2878 4475 3035 4541 haec
3080 4480 3145 4540 et

538 4591 663 4638 non
710 4574 867 4641 facit
897 4594 993 4657 ea,
1041 4576 1269 4642 similis
1303 4584 1400 4644 est
1429 4581 1567 4644 uiro
1618 4581 1836 4660 stulto,
1885 4583 1998 4663 qui
2022 4579 2386 4646 aedificabit
2432 4580 2684 4644 domum
2714 4582 2914 4646 'suam
2954 4598 3145 4660 supra

539 4676 874 4758 harenam
939 4680 1044 4748 27.
1094 4681 1427 4750 descendit
1491 4684 1732 4767 pluuia,
1781 4682 2100 4750 flauerunt
2160 4686 2358 4764 uenti,
2421 4686 2821 4751 aduenerunt
2879 4685 3144 4751 flumina

541 4792 610 4850 et.
649 4780 1057 4854 offenderunt
1098 4786 1167 4850 in
1213 4788 1467 4855 domum
1514 4789 1712 4870 illam,
1778 4796 1846 4855 et
1906 4790 2163 4870 cecidit,
2234 4795 2301 4855 et
2367 4790 2538 4857 facta
2607 4797 2709 4857 est
2752 4792 2938 4856 ruina
3004 4791 3145 4857 eius
