3484 5617
264 495 324 549 C.
366 503 415 548 4.
1012 490 1375 559 Euangelium
1413 490 1709 545 secundum
1755 491 2080 544 (iohannem.
2780 495 2871 559 ‚49

267 705 702 772 testimonium
773 704 1092 769 credimus
1140 702 1233 782 εἰς
1308 702 1429 783 ipsi
1477 703 1642 766 enim
1714 701 2083 766 audiuimus
2129 706 2198 767 et
2244 705 2499 782 scimus,
2549 703 2695 784 quia
2771 704 2873 769 hic

268 816 368 877 est
412 827 566 875 uere
614 810 903 875 saluator
962 807 1203 872 mundi.
1252 808 1355 873 43.
1404 807 1557 872 Post
1603 805 1866 871 biduum
1912 811 2128 872 autem
2206 805 2527 888 profectus
2575 813 2675 875 est
2721 808 2872 873 inde

263 902 332 981 ⁴in
381 916 755 982 Galilacam.
788 915 888 980 44.
964 912 1111 994 Ipse
1158 912 1325 977 enim
1372 910 1567 976 Jesus
1615 913 1888 976 testatus
1937 916 2053 990 est,
2102 912 2399 993 quoniam
2445 913 2760 995 propheta
2805 914 2870 977 in

272 1021 480 1105 patria
526 1039 640 1084 sua
690 1018 1067 1100 dignitatem
1115 1037 1239 1082 non
1287 1015 1501 1082 habet.
1591 1018 1693 1083 45.
1790 1014 1947 1080 Cum
1994 1017 2280 1082 uenisset
2326 1021 2532 1083 autem
2583 1018 2650 1081 in
2696 1014 2872 1082 Gali·

270 1128 493 1201 laeam,
541 1129 930 1205 exceperunt
977 1141 1118 1188 eum
1171 1121 1461 1197 Galilaei‚
1513 1119 1814 1185 uidentes
1860 1121 2085 1201 omnia,
2121 1139 2284 1202 quae
2325 1120 2483 1187 fecit
2531 1123 2595 1185 in
2643 1120 2868 1185 Hiero-

271 1229 528 1312 solymis
574 1230 637 1294 in
684 1229 850 1293 diem
898 1226 1155 1305 festum,
1203 1229 1268 1289 et
1313 1226 1438 1308 ipsi
1486 1225 1651 1290 enim
1699 1225 2094 1289 aduenerant
2137 1226 2202 1290 111
2253 1225 2419 1290 diem
2465 1223 2716 1291 festum.
2764 1228 2867 1292 46.

269 1334 467 1401 Uenit
510 1335 939 1420 ergoniterum
989 1331 1052 1395 in
1101 1329 1280 1395 Cana
1327 1328 1672 1408 Galilaeae,
1700 1328 1807 1393 ubi
1854 1329 2005 1395 fecit
2029 1329 2109 1394 de
2156 1348 2321 1411 aqua
2368 1331 2609 1395 uinum.
2705 1331 2864 1396 Erat

271 1446 483 1505 autem
531 1439 785 1520 quidam
855 1437 1139 1518 regulus,
1211 1436 1390 1499 cuius
1457 1433 1625 1499 filius
1673 1432 2111 1500 infirmabatur
2158 1435 2223 1499 in
2274 1431 2671 1500 Cafarnaum.
2761 1437 2865 1499 47.

265 1545 389 1612 Hic
468 1562 607 1608 cum
677 1542 986 1620 audisset,
1058 1540 1223 1621 quod
1271 1537 1465 1607 Jesus
1511 1538 1692 1603 uenit
1736 1556 1816 1602 ex
1861 1538 2116 1603 Judaea
2160 1538 2225 1602 in
2272 1537 2644 1619 Galilaeam,
2692 1541 2871 1605 uenit

269 1649 347 1713 ad
399 1649 577 1713 illum
624 1652 689 1712 et
734 1646 1005 1728 rogabat
1049 1663 1211 1728 eum,
1258 1647 1332 1708 ut
1363 1643 1785 1710 descenderet
1830 1646 1897 1706 et
1943 1649 2201 1709 sanaret
2245 1642 2441 1709 filium
2491 1643 2668 1723 eius;
2713 1644 2868 1708 inci-

269 1753 487 1835 piebat
531 1750 709 1817 mori.
802 1753 904 1816 48.
956 1750 1138 1815 Dixit
1184 1753 1397 1813 autem
1445 1746 1638 1813 Jesus
1688 1748 1768 1812 ad
1844 1764 2021 1813 eum:
2067 1748 2193 1812 nisi
2240 1748 2425 1829 signa
2469 1752 2535 1811 et
2580 1747 2869 1831 prodigia

270 1857 587 1937 uideritis,
633 1874 754 1919 non
806 1854 1090 1921 creditis.
1124 1853 1228 1918 49.
1307 1853 1482 1918 Dicit
1527 1853 1608 1918 ad
1655 1871 1798 1917 eum
1845 1851 2138 1933 regulus:
2210 1851 2484 1930 domine,
2533 1838 2869 1934 descende,

267 1965 608 2041 antequam
656 1958 966 2024 moriatur
1010 1978 1189 2042 puer.
1282 1957 1381 2025 5Ο.
1462 1957 1575 2021 Ait
1618 1956 1713 2022 illi
1760 1956 1988 2023 Jesus:
2037 1957 2220 2036 uade,
2268 1955 2437 2023 filius
2482 1962 2635 2022 tuus
2682 1959 2865 2023 uiuit.

268 2066 353 2132 Et
399 2065 674 2151 credidit
719 2064 903 2128 homo
936 2064 1045 2127 ille
1093 2062 1309 2142 uerb0,
1358 2063 1525 2143 quod
1574 2061 1847 2127 dixitilli
1894 2060 2105 2142 JesuS‚
2155 2065 2221 2127 et
2266 2061 2418 2126 ibat.
2452 2061 2559 2126 51.
2608 2061 2868 2143 Iamque

268 2172 407 2252 ipso
456 2169 838 2233 descedente
884 2168 1056 2231 serui
1102 2172 1483 2232 occurerunt
1527 2167 1620 2231 illi
1647 2172 1714 2231 et
1756 2167 2219 2235 nuntiauerunt
2250 2166 2327 2246 ei,
2358 2166 2654 2248 quoniam
2694 2164 2863 2230 filius

269 2278 419 2361 tuus
465 2273 646 2338 uiuit.
697 2272 795 2337 52.
844 2271 1276 2355 Interrogauit
1320 2290 1469 2353 ergo
1513 2271 1733 2335 horam
1779 2271 1858 2335 ab
1904 2271 2051 2349 11118,
2085 2269 2149 2335 111
2187 2263 2322 2351 qua
2351 2271 2577 2335 melius
2624 2270 2865 2336 habuit.

265 2380 350 2445 Et
379 2380 707 2445 dixerunt:
757 2378 896 2443 heri
931 2378 1088 2443 hora
1119 2378 1389 2459 septima
1438 2375 1711 2457 reliquid
1757 2376 1937 2441 illum
1982 2374 2202 2440 febris.
2236 2375 2336 2440 53.
2374 2373 2686 2457 Cognouit
2715 2394 2867 2458 ergo

256 2464 476 2567 pater,
526 2482 822 2565 quoniam
868 2482 981 2547 illa
1035 2482 1211 2564 hora,
1261 2499 1386 2562 qua
1440 2480 1687 2547 dixerat
1749 2480 1808 2544 ei
1854 2479 2086 2546 Jesus:
2164 2478 2334 2545 filius
2379 2485 2527 2545 tuus
2574 2481 2755 2560 uiuit,
2793 2486 2868 2545 -et

256 2588 536 2672 credidit
580 2588 721 2672 ipse
767 2589 834 2650 et
880 2587 1104 2650 domus
1152 2586 1288 2649 eius
1336 2585 1657 2649 uniuersa.
1722 2586 1826 2651 54.
1894 2581 2033 2653 Hoc
2064 2583 2291 2649 iterum
2341 2584 2681 2650 secundum
2717 2582 2869 2650 fecit

250 2679 454 2758 'Jesus
502 2692 749 2780 signum
801 2690 1066 2754 ueniens
1114 2689 1193 2754 de
1238 2688 1489 2753 Judaea
1535 2688 1600 2752 in
1649 2687 2020 2753 Galilaeam.

471 2898 567 2966 V.
621 2903 676 2963 1.
739 2899 893 2964 Post
939 2898 1096 2962 haec
1143 2902 1281 2963 erat
1328 2897 1465 2963 dies
1511 2896 1716 2962 festus
1764 2895 2175 2977 «Iudaeorum,
2227 2903 2293 2963 et
2336 2899 2626 2965 ascendit
2670 2899 2864 2965 Jesus

260 3003 728 3085 Hierosolymis
842 3002 1012 3088 24in
1061 3002 1418 3079 inferiorem
1488 3006 1737 3092 partem
1781 3002 2137 3068 natatoriae
2191 3004 2492 3086 piscinae,
2561 3023 2723 3086 quae
2769 3006 2865 3070 di-

260 3110 428 3174 citur
473 3103 797 3173 Hebreice'
835 3107 1119 3192 Betaeta,
1170 3107 1447 3190 quinque
1495 3091 1779 3188 porticus
1825 3105 2086 3174 habens.
2158 3111 2217 3175 3.
2267 3108 2340 3172 In
2384 3110 2485 3175 his
2533 3110 2863 3176 decumbe·

254 3216 415 3288 ‚bant
446 3212 671 3280 turbae
705 3210 1110 3291 infirmorum,
1152 3230 1505 3296 caecorum,
1541 3211 1931 3291 claudorum,
1959 3212 2301 3298 aridorum,
2351 3214 2861 3298 paralyticorum,

262 3317 737 3406 expectantium
784 3309 1277 3400 aquae-motum.
1325 3318 1385 3398 4.
1418 3301 1716 3399 ,ΑΠὲθΙυε
1751 3321 1975 3392 vautem
2018 3318 2445 3385 descendebat
2477 3325 2542 3385 et
2569 3322 2864 3387 mouebat

257 3440 504 3505 aquam.
552 3422 638 3486 Et
683 3420 1047 3510 quicunque
1074 3408 1249 3506 prior
1297 3421 1722 3487 descendebat
1757 3422 1818 3486 in
1852 3422 2193 3501 natatoria,
2241 3442 2431 3489 sanus
2476 3422 2667 3490 fiebat
2713 3445 2860 3507 qua-

250 3545 527 3609 cumque
574 3527 912 3592 tenebatur
973 3524 1361 3606 infirmitate.
1409 3527 1470 3591 5.
1519 3526 1680 3590 Erat
1722 3531 1937 3599 autem
1983 3526 2070 3591 ibi
2116 3527 2304 3592 homo
2349 3528 2545 3594 XXX.
2594 3534 2659 3594 et
2690 3531 2859 3596 VIII.

250 3652 457 3725 annos
503 3632 745 3697 habens
793 3632 858 3696 in
910 3629 1361 3695 infirmitatem.
1411 3633 1467 3696 6.
1517 3629 1705 3695 Hunc
1752 3636 1824 3695 ut
1870 3632 2034 3697 uidit
2057 3632 2249 3697 Jesus
2275 3635 2605 3720 iacentem,
2652 3636 2861 3700 sciens

256 3739 427 3818 quod
474 3739 599 3802 iam
647 3736 911 3800 multum
959 3732 1267 3815 temporis
1314 3733 1629 3812 habuerit,
1678 3734 1769 3801 ait
1815 3734 1939 3803 illi:
2004 3735 2123 3801 Uis
2163 3754 2356 3804 sanus
2403 3737 2561 3804 fieri.
2635 3740 2690 3805 7.
2739 3741 2859 3806 Re-

249 3842 517 3930 spondit
563 3840 657 3905 illi
688 3837 975 3904 infirmus
1003 3843 1070 3903 et
1095 3838 1295 3903 dixit:
1339 3837 1611 3921 domine,
1659 3836 1973 3904 hominem
2005 3860 2132 3906 non
2165 3842 2390 3923 habeo,
2423 3849 2494 3908 ut
2525 3863 2665 3912 cum
2693 3852 2860 3912 mota

260 3947 454 4013 suerit
479 3958 660 4030 aqua,
708 3946 923 4009 mittat
961 3961 1071 4028 me*
1101 3944 1165 4007 in
1188 3943 1533 4024 piscinam3
1584 3943 1734 4008 dum
1761 3944 1924 4008 enim
1975 3965 2090 4027 ego
2139 3950 2345 4026 uenio,
2401 3950 2734 4016 alterante
2762 3970 2859 4014 me

250 4037 609 4146 descendit.
660 4053 716 4117 8.
753 4051 863 4115 Ait
907 4049 1002 4114 illi
1049 4049 1278 4132 Jesus:
1330 4066 1520 4129 surge
1568 4054 1630 4114 et
1676 4049 1832 4115 tolle
1877 4052 2241 4132 grabattum
2280 4059 2452 4119 tuum
2487 4060 2552 4120 et
2585 4055 2854 4120 ambula.

257 4160 315 4223 9.
362 4158 449 4221 Et
493 4157 709 4223 statim
759 4174 954 4223 sanus
999 4155 1206 4234 factus
1247 4157 1347 4219 est
1377 4153 1562 4237 homo
1610 4154 1740 4238 ille,
1789 4159 1854 4219 et
1887 4160 2165 4222 surrexit
2199 4164 2262 4224 et
2295 4159 2557 4226 sustulit
2602 4160 2853 4243 grabat-

255 4268 388 4327 tum
435 4280 616 4327 suum
664 4266 729 4328 et
775 4258 1158 4349 ambulabat.
1237 4259 1396 4325 Erat
1442 4263 1653 4338 autem
1702 4260 2146 4327 sabbatumin
2193 4262 2303 4327 illa
2349 4265 2470 4329 die.
2525 4265 2620 4329 10.
2670 4264 2852 4329 Dice-

256 4367 410 4431 bant
455 4385 605 4450 ergo
654 4366 891 4432 Judaei
941 4364 1055 4448 illi,
1105 4364 1209 4446 qui
1259 4368 1517 4431 curatus
1562 4364 1802 4429 fuerat:
1862 4366 2206 4433 Sabbatum
2256 4374 2375 4450 est,
2424 4375 2489 4435 et
2532 4389 2655 4434 non
2705 4369 2856 4436 licet

252 4471 371 4538 tibi
417 4472 645 4562 tollere
686 4472 1053 4558 grabattum
1077 4476 1276 4536 tuum.
1344 4472 1441 4534 11.
1495 4469 1864 4551 Respondit
1899 4469 2026 4537 illis
2072 4472 2323 4540 dicens:
2392 4475 2514 4553 Qui
2558 4475 2712 4541 lecit
2755 4495 2852 4541 me

249 4595 490 4660 sanum,
537 4578 674 4660 ipse
718 4576 871 4642 mibi
925 4577 1135 4661 dixit:⁴
1168 4575 1347 4641 Tolle
1394 4573 1758 4656 grabattum
1806 4579 1985 4638 tuum
2016 4581 2086 4641 et
2113 4578 2384 4644 ambula.
2436 4581 2531 4644 13.
2558 4577 2852 4645 Infirmus

252 4686 460 4747 autem
508 4683 853 4770 nesciebat,
902 4682 1043 4763 quis
1092 4686 1281 4764 esset.
1336 4678 1528 4743 Jesus
1576 4678 1742 4741 enim
1790 4679 2004 4743 statim
2051 4682 2346 4761 deuertit,
2397 4702 2535 4748 cum
2583 4683 2854 4749 uidisset

251 4784 498 4856 turbam
545 4784 615 4848 111-
656 4784 763 4850 1110
809 4784 967 4849 loco.
1064 4785 1163 4849 14.
1236 4783 1388 4848 Post
1446 4780 1604 4863 llaec
1658 4778 1905 4844 inuenit
1949 4800 2088 4847 eum
2136 4786 2328 4856 Jesus
2387 4786 2453 4850 in
2501 4784 2737 4866 templo
2787 4792 2851 4852 et

2502 4913 2533 4959 4
