3484 5617
269 537 324 589 G.
372 542 416 588 6.
1020 530 1383 598 Euangelium
1424 530 1720 584 secundum
1766 530 2093 584 Jobannem.
2788 521 2866 597 51

266 747 441 812 misit
504 745 632 824 ille,
707 744 856 809 huic
918 761 1031 808 uos
1094 759 1218 806 non
1266 738 1546 806 creditis,
1639 741 1741 806 39.
1792 738 2089 806 Scrutate
2137 741 2505 821 scripturas,
2576 741 2870 821 quoniam

265 851 507 934 putatis
576 869 694 914 uos
766 847 830 913 in
898 849 1059 930 ipsis
1126 847 1323 913 uitam
1395 849 1720 912 aeternam
1792 845 2047 928 habere,
2125 849 2190 910 et
2236 845 2412 929 ipsae
2459 851 2629 922 sunt,
2709 865 2872 928 quae

270 954 712 1021 testimonium
763 953 1102 1036 perhibent
1151 953 1227 1017 de
1271 971 1394 1035 me,
1461 953 1528 1015 in
1575 951 1804 1032 quibus
1852 950 2095 1033 putatis
2165 969 2281 1015 uos
2349 950 2546 1015 uitam
2616 949 2871 1036 habere,

263 1063 423 1126 haec
492 1065 660 1140 sunt,
733 1074 897 1140 quae·
965 1055 1388 1123 testificantur
1458 1057 1536 1122 de
1581 1073 1702 1132 me,
1772 1057 1876 1121 40.
1927 1059 1993 1120 et
2059 1073 2181 1119 non
2254 1055 2451 1121 uultis
2520 1058 2745 1123 uenire
2792 1056 2872 1120 ad

263 1184 388 1244 me,
462 1170 531 1229 ut
595 1163 790 1228 uitam
863 1160 1174 1228 habeatis
1266 1159 1368 1226 411
1447 1160 1775 1226 Honorem
1850 1160 1928 1224 ab
1993 1159 2355 1225 hominibus
2429 1181 2552 1227 non
2626 1161 2868 1243 accipio

268 1273 373 1337 42.
426 1270 551 1334 Sed
620 1269 886 1352 cognoui
960 1288 1094 1346 uos,
1173 1266 1469 1347 quoniam
1535 1283 1659 1329 non
1724 1265 1981 1350 habetis
2029 1265 2359 1330 caritatem
2409 1265 2510 1331 dei
2558 1266 2623 1330 in
2669 1266 2870 1330 uobis,

267 1378 374 1440 43.
420 1375 557 1456 Ego
628 1380 775 1438 ueni
843 1373 906 1436 in
954 1372 1206 1437 nomine
1252 1370 1456 1453 patris
1503 1371 1645 1448 mei,
1725 1375 1961 1435 etnon
2012 1370 2349 1453 accepistis
2397 1387 2528 1449 me;
2606 1371 2660 1435 si
2708 1370 2873 1435 alius

261 1478 517 1543 uenerit
561 1481 625 1543 in
673 1474 928 1542 nomine
976 1495 1109 1553 suo,
1158 1474 1334 1539 illum
1385 1474 1691 1556 recipitis,
1739 1475 1841 1538 44.
1896 1473 2222 1552 Quomodo
2268 1476 2542 1557 potestis
2592 1493 2705 1539 uos
2741 1493 2873 1539 cre-

266 1584 435 1662 dere,
516 1585 622 1664 qui
685 1582 993 1647 honorem
1063 1580 1140 1645 ab
1188 1580 1460 1645 inuicem
1508 1579 1868 1660 accepistis,
1946 1583 2010 1644 et
2055 1580 2362 1644 honorem
2408 1581 2566 1660 eiuS,
2615 1581 2725 1662 qui
2772 1585 2870 1644 est

267 1689 461 1768 soluS,
510 1708 634 1754 non
683 1685 1046 1769 quaeritis?
1091 1685 1192 1750 45.
1239 1683 1457 1750 Nolite
1506 1688 1751 1765 putare,
1801 1681 2098 1764 quoniam
2146 1703 2261 1765 ego
2290 1703 2402 1750 uos
2435 1689 2590 1767 aput
2625 1689 2873 1766 patrem

270 1793 603 1873 accusabo,
632 1791 862 1873 estqui
889 1792 1000 1856 bos
1027 1794 1282 1855 accuset
1305 1788 1580 1872 MoyseS,
1615 1789 1679 1852 in
1713 1789 1903 1869 quem
1927 1807 2042 1855 uos
2067 1791 2395 1873 sperastis.
2446 1792 2552 1857 46.
2600 1787 2667 1853 Si
2701 1791 2870 1854 enim

268 1898 615 1963 crederetis
639 1897 870 1979 Moysi,
908 1893 1254 1961 crederetis
1288 1893 1557 1959 forsitan
1604 1898 1671 1958 et
1715 1893 1907 1971 m,ihi;
1958 1893 2034 1959 de
2081 1912 2181 1959 me
2226 1895 2391 1959 enim
2439 1894 2546 1959 ille
2594 1894 2870 1977 scripsit.

263 2002 364 2070 47.
416 2001 579 2066 Nam
629 2002 683 2067 si
733 2001 903 2065 illius
950 2000 1186 2066 litteris
1241 2019 1365 2065 non
1414 1997 1692 2078 creditis,
1742 1998 2055 2080 quomodo
2101 1996 2317 2063 uerbis
2367 2000 2522 2065 meis
2551 1999 2871 2066 credetis?

469 2208 598 2277 vl.
685 2213 735 2275 1.
787 2211 941 2275 Post
1007 2208 1165 2274 haec
1229 2206 1386 2274 abiit
1451 2208 1642 2274 Jesus
1715 2214 1895 2274 trans
1942 2227 2116 2274 mare
2162 2207 2491 2274 Galilaeae
2538 2211 2868 2292 in'partes

259 2315 636 2381 Tiberiadis,
685 2317 743 2379 2.
782 2313 1177 2397 Sequebatur
1226 2317 1433 2378 autem
1484 2331 1625 2378 eum
1674 2313 1867 2378 turba
1891 2313 2109 2392 multa,
2159 2315 2308 2396 quia
2337 2313 2640 2379 uidebant
2667 2315 2867 2404 signa,

257 2438 419 2501 quae
466 2419 745 2485 faciebat
809 2420 915 2496 de,
951 2417 1326 2484 infirmibus.
1420 2419 1479 2483 3.
1531 2418 1841 2483 Ascendit
1888 2436 2037 2498 ergo
2084 2409 2293 2482 Jesus
2325 2419 2388 2483 in
2436 2422 2734 2498 montem,
2804 2424 2870 2485 e‘t

255 2525 344 2590 ibi
391 2525 658 2591 sedebat
705 2543 843 2591 cum
893 2523 1229 2607 discipulis
1279 2524 1431 2588 suis.
1524 2524 1584 2588 4.
1631 2522 1793 2588 Erat
1862 2527 2072 2587 autem
2141 2524 2208 2587 in
2255 2524 2542 2605 proximo
2605 2524 2868 2608 pascha,

256 2630 394 2694 dies
441 2629 643 2695 festus
691 2628 1102 2694 Judaeorum.
1149 2628 1209 2693 5.
1237 2627 1528 2692 Eleuatis
1575 2645 1724 2710 ergo
1775 2629 1974 2692 oculis
2023 2627 2240 2707 JesuS,
2287 2647 2362 2693 eo
2396 2629 2563 2709 quod
2597 2629 2869 2695 uidisset

257 2734 409 2814 quia
453 2734 639 2798 turba
703 2753 930 2815 magna
991 2734 1242 2797 ueniret
1291 2733 1372 2797 ad
1419 2750 1506 2812 se,
1571 2733 1662 2796 ait
1708 2731 2035 2814 Philippo:
2110 2731 2294 2797 Unde
2329 2733 2605 2820 'emimus
2656 2753 2866 2822 paneS,

256 2841 327 2902 ut
372 2837 759 2902 manducent
806 2837 963 2902 isti?
1010 2840 1070 2903 6.
1119 2837 1292 2900 Haec
1339 2843 1553 2901 autem
1599 2836 1870 2915 dicebat,
1918 2841 2239 2918 temptans
2289 2855 2465 2915 eum;
2515 2839 2653 2921 ipse
2699 2840 2866 2903 enim

252 2942 511 3022 sciebat,
582 2941 732 3024 quid
779 2946 952 3007 esset
994 2941 1299 3007 facturus.
1370 2942 1428 3006 7.
1492 2941 1847 3024 Respondit
1895 2942 1952 3006 ei
2001 2940 2354 3024 Philippus,
2416 2942 2670 3008 dicens:
2751 2943 2864 3008 du*-

256 3048 463 3113 centis
533 3047 815 3113 denariis
887 3066 1082 3129 panes
1153 3065 1275 3111 non
1338 3043 1659 3111 sufficient
1722 3047 1835 3121 eis,
1912 3052 1985 3112 ut
2045 3046 2489 3127 unusquisque
2548 3046 2862 3113 modicum

257 3151 548 3234 accipiat.
623 3155 683 3217 8.
732 3151 905 3217 Dicit
960 3151 1020 3215 ei
1069 3165 1233 3215 unus
1279 3169 1356 3215 ex
1405 3149 1740 3231 discipulis
1788 3150 1943 3228 suis,
2004 3150 2295 3218 Andreas
2342 3149 2545 3216 frater
2589 3146 2863 3219 Simonis

257 3257 465 3322 Petri:
543 3258 600 3323 9.
648 3256 769 3323 Est
813 3256 917 3321 hic
966 3273 1142 3337 puer,
1216 3255 1323 3336 qui
1375 3255 1573 3320 habet
1619 3255 1897 3337 quinque
1927 3246 2142 3337 'panes
2186 3252 2546 3322 hordiacios
2593 3261 2658 3322 et
2704 3243 2862 3325 duos

252 3363 488 3443 pisces3
560 3362 674 3428 sed
721 3359 877 3425 haec
925 3360 1079 3442 quid
1125 3364 1278 3426 sunt
1322 3359 1383 3424 in
1433 3359 1695 3426 tantos?
1751 3361 1845 3426 10.
1897 3359 2076 3426 Dixit
2124 3365 2332 3426 autem
2373 3361 2594 3428 Jesus:
2645 3362 2862 3429 Facite

252 3468 535 3533 homines
586 3467 1002 3533 discumbere.
1052 3466 1212 3531 Erat
1259 3471 1469 3532 autem
1516 3466 1859 3548 plurimum
1906 3463 2159 3531 foenum
2206 3467 2270 3530 in
2318 3466 2427 3532 illo
2474 3467 2633 3533 loe0.
2712 3469 2859 3533 Dis-

255 3572 609 3638 cubuerunt
654 3590 804 3655 ergo
853 3572 998 3651 uiri,
1049 3589 1311 3637 numero
1358 3570 1616 3637 circiter
1663 3572 1941 3653 quinque
1973 3570 2166 3635 milia.
2223 3573 2316 3636 11.
2354 3571 2616 3656 Accepit
2645 3577 2856 3638 autem

253 3695 460 3759 panes
509 3675 699 3743 Jesus
767 3680 833 3741 et
879 3679 1119 3759 gratias
1166 3678 1295 3758 egit
1344 3680 1409 3742 et
1456 3677 1635 3743 dedit
1682 3675 2015 3757 discipulis
2075 3675 2229 3754 suis,
2307 3672 2601 3759 discipuli
2647 3681 2858 3758 autem

260 3780 822 3861 discumbentibus,
898 3780 1193 3847 similiter
1256 3779 1725 3848 distribuerunt
1771 3786 1835 3845 et
1881 3781 1962 3845 de
2008 3780 2290 3862 piscibus
2337 3785 2641 3863 quantum
2686 3783 2859 3848 uole-

254 3884 422 3950 bant.
478 3886 572 3950 12.
624 3886 723 3950 Ad
769 3886 876 3952 ubi
925 3888 1192 3953 saturati
1241 3891 1411 3964 sunt,
1462 3886 1623 3952 dixit
1656 3885 2021 3967 discipulis:
2073 3875 2390 3970 Colligite,
2439 3906 2600 3970 quae
2638 3906 2859 3971 super-

252 3994 402 4055 sunt
461 3988 837 4072 fragmenta,
912 4011 990 4056 ne
1055 3993 1208 4073 quid
1269 4010 1347 4056 ex
1392 3991 1519 4055 illis
1568 3996 1808 4073 pereat.
1909 3994 2006 4057 13.
2079 3990 2488 4073 Collegerunt
2535 3999 2745 4059 autem
2794 4000 2857 4060 et

253 4095 685 4176 impleuerant
749 4097 895 4161 XII.
947 4097 1254 4178 cophinos
1302 4096 1797 4179 fragmentorum
1863 4095 1941 4161 de
1989 4097 2265 4179 quinque
2316 4097 2581 4178 panibus
2627 4097 2854 4162 horde-

246 4200 421 4278 aciiS,
468 4219 632 4282 quae
669 4214 1140 4284 superauerunt
1172 4204 1285 4283 eis,
1334 4200 1443 4283 qui
1491 4202 2047 4268 manducauerant.
2105 4203 2200 4265 14.
2251 4201 2352 4265 Illi
2388 4219 2534 4285 ergo
2567 4203 2853 4270 homines

248 4307 384 4370 cum
435 4306 749 4373 uidissent
795 4308 1062 4391 signum,
1114 4307 1279 4391 quod
1326 4306 1499 4386 fecit,
1577 4306 1904 4373 dicebant:
1986 4305 2108 4371 Hic
2170 4311 2269 4372 est
2314 4326 2465 4372 uere
2512 4297 2849 4392 propheta,

245 4412 349 4494 qui
395 4411 458 4476 in
506 4411 673 4478 hunc
719 4414 1021 4506 mundum
1072 4420 1380 4481 uenturus
1428 4419 1543 4480 est.
1625 4414 1716 4478 15.
1778 4412 1970 4478 Jesus
2019 4430 2170 4496 ergo
2217 4414 2448 4491 sciens,
2502 4417 2652 4497 quia
2697 4417 2852 4482 inci-

244 4517 417 4598 pient
476 4517 700 4582 turbae
761 4519 982 4584 uenire
1053 4524 1118 4584 et
1163 4539 1390 4603 rapere
1437 4538 1581 4585 eum
1629 4524 1700 4585 ut
1747 4517 2030 4584 facerent
2078 4536 2220 4583 eum
2269 4538 2502 4602 regem,
2583 4524 2850 4587 secessit

244 4619 474 4686 iterum
524 4622 587 4686 in
636 4629 918 4690 montem
969 4626 1162 4692 solus.
1244 4628 1341 4692 16.
1392 4624 1549 4689 Cum
1598 4629 1812 4689 aulem
1859 4641 2133 4707 uespere
2182 4622 2419 4690 factum
2467 4630 2657 4701 esset,
2709 4626 2848 4691 des-

244 4727 588 4793 cenderunt
638 4728 939 4812 discipuli
988 4732 1125 4796 eius
1173 4731 1256 4796 ad
1304 4749 1494 4794 mare.
1563 4731 1662 4793 17.
1712 4728 1801 4791 Et
1845 4729 2264 4794 ascendentes
2310 4729 2687 4810 nauiculam,
2737 4751 2835 4794 ue·

241 4829 497 4897 niebant
539 4835 721 4897 trans
770 4852 940 4898 mare
986 4834 1049 4897 in
1098 4831 1498 4910 Cafarnaum‚
1549 4839 1612 4897 et
1660 4849 1801 4896 cum
1849 4830 1973 4895 iam
2021 4831 2326 4897 tenebrae
2372 4831 2581 4897 factae
2606 4838 2842 4912 essent,

2456 4969 2523 5021 4*
