3484 5617
678 485 764 551 42
1423 477 1788 551 Euangelium
1841 477 2140 537 secuudum
2180 477 2535 539 Matthaeum.
3150 481 3205 537 C.
3239 485 3294 536 28

888 690 1232 759 XXVIII.
1300 697 1355 758 1.
1420 690 1708 777 Uespere
1769 699 1984 759 autem
2044 692 2314 777 sabbati,
2379 712 2542 776 quae
2604 693 2898 759 lucescit
2975 693 3049 757 in
3123 695 3310 775 prima

681 798 948 872 sabbati,
998 799 1177 863 uenit
1237 798 1443 863 Maria
1490 798 1872 881 Magdalena
1919 804 1985 864 et
2038 798 2243 864 altera
2284 798 2492 865 Maria
2555 799 2780 865 uidere
2853 798 3301 881 sepulchrum.

680 904 740 967 2.
786 903 875 968 Et
920 921 1068 968 ecce
1113 908 1499 968 terremotus
1546 903 1755 969 factus
1804 907 1902 967 est
1964 921 2249 983 magnus,
2321 904 2605 985 Angelus
2651 904 2831 969 enim
2909 901 3170 968 domini
3216 903 3305 968 de-

678 1007 928 1073 scendit
972 1008 1052 1072 de
1100 1007 1296 1087 caelo,
1345 1012 1410 1073 et
1451 1008 1772 1074 adcedens
1819 1008 2096 1074 reuoluit
2140 1007 2420 1090 lapidem
2468 1014 2534 1074 et
2577 1008 2859 1075 sedebat
2912 1026 3129 1089 super
3160 1027 3305 1088 eum,

679 1115 739 1179 3.
786 1118 929 1178 erat
971 1118 1181 1178 autem
1231 1120 1530 1195 aspectus
1578 1114 1717 1179 eius
1765 1114 1932 1179 sicut
1976 1112 2210 1195 fulgur,
2273 1118 2338 1178 et
2385 1113 2769 1178 uestimenta
2823 1112 2987 1177 eius
3041 1113 3303 1178 candida

684 1219 853 1283 sicut
898 1218 1022 1284 nix.
1070 1220 1131 1283 4.
1195 1218 1358 1283 Prae
1418 1218 1646 1284 timore
1692 1223 1907 1283 autem
1954 1219 2092 1283 eius
2139 1217 2429 1283 exterriti
2478 1221 2626 1283 sunt
2671 1217 3001 1283 custodes
3052 1222 3123 1283 et
3167 1216 3304 1284 facti

685 1328 833 1388 sunt
896 1322 1074 1387 uelut
1117 1322 1371 1388 mortui.
1441 1323 1500 1389 5.
1548 1322 1970 1405 Respondens
2029 1327 2243 1387 autem
2303 1321 2571 1405 angelus
2643 1322 2811 1387 dixit
2880 1322 3298 1388 mulieribus:

681 1428 897 1494 Nolite
957 1429 1183 1493 timere
1246 1446 1381 1507 uos,
1429 1426 1562 1493 scio
1619 1428 1785 1492 enim
1834 1426 2001 1507 quod
2047 1425 2291 1508 Jesum‚
2354 1426 2461 1507 qui
2508 1424 2859 1492 crucifixus
2929 1431 3059 1503 est,
3127 1445 3297 1508 quae-

686 1533 860 1612 ritis3
921 1533 979 1599 6.
1044 1551 1169 1596 non
1232 1537 1332 1597 est
1394 1532 1517 1613 hic,
1584 1534 1863 1597 surrexit
1923 1532 2112 1615 enini,
2175 1531 2345 1597 sicut
2404 1531 2596 1609 dixit3
2661 1533 2896 1597 uenite
2965 1535 3037 1597 et
3100 1531 3295 1596 uidete

683 1639 911 1716 locum,
978 1636 1089 1702 ubi
1137 1638 1384 1719 positus
1430 1642 1571 1702 erat
1615 1637 1924 1702 dominus.
1990 1640 2051 1703 7.
2098 1636 2187 1702 Et
2232 1639 2358 1702 cito
2419 1641 2665 1711 eunt-es,
2716 1636 2930 1702 dicite
2976 1636 3295 1718 discipulis

684 1744 843 1823 eius,
893 1740 1045 1822 quia
1092 1743 1374 1806 surrexit
1418 1746 1484 1806 et
1529 1742 1856 1823 praecedit
1905 1760 2021 1806 uos
2066 1742 2131 1806 in
2182 1740 2554 1820 Galilaeam‚
2613 1739 2705 1806 ibi
2752 1760 2914 1806 eum
2967 1739 3278 1806 uidebitis.

684 1847 854 1911 Ecce
918 1846 1049 1910 dixi
1096 1845 1299 1911 uobis.
1365 1847 1422 1909 8.
1472 1846 1557 1910 Et
1604 1846 1897 1911 exierunt
1958 1848 2083 1911 cito
2144 1846 2226 1911 de
2284 1852 2689 1911 monumento
2752 1865 2909 1912 cum
2961 1847 3199 1910 timore
3239 1849 3290 1907 et

684 1951 917 2031 gaudio
981 1968 1204 2031 magno
1253 1955 1584 2015 currentes
1645 1950 1944 2015 nuntiare
2013 1950 2343 2031 discipulis
2402 1951 2562 2015 eius.
2625 1952 2683 2015 9.
2733 1950 2825 2015 Et
2896 1969 3058 2016 ecce
3121 1949 3282 2014 Jesus

692 2055 970 2120 occurrit
1030 2055 1160 2120 illis
1222 2056 1472 2120 dicens:
1538 2053 1808 2120 Habete.
1871 2055 2031 2119 Illae
2094 2060 2503 2120 accesserunt
2565 2059 2631 2119 et
2690 2058 3069 2120 tenuerunt
3116 2055 3277 2136 pedes

683 2160 829 2225 eius
875 2165 940 2224 et
984 2162 1419 2226 adorauerunt
1488 2179 1652 2225 eum.
1721 2161 1820 2224 10.
1868 2158 2046 2224 Tunc
2095 2161 2185 2225 ait
2232 2159 2392 2225 illis:
2459 2159 2675 2225 Nolite
2719 2159 2970 2225 timere
3019 2177 3152 2238 uos,
3207 2159 3273 2221 ite

684 2266 978 2330 nuntiate
1025 2265 1333 2330 fratribus
1395 2266 1572 2345 meis,
1620 2269 1692 2329 ut
1738 2270 1887 2330 eant
1951 2266 2013 2329 in
2064 2263 2436 2343 Galilaeam,
2501 2265 2588 2329 ibi
2637 2285 2736 2330 me
2802 2264 3151 2329 uidebuut.
3197 2265 3265 2326 11.

685 2369 862 2446 Quae
909 2389 1049 2434 cum
1098 2370 1400 2446 abissent,
1447 2389 1595 2436 ecce
1642 2368 1896 2450 quidam
1946 2372 2025 2435 de
2072 2369 2444 2435 custodibus
2488 2375 2801 2435 uenerunt
2853 2371 2927 2435 in
2979 2368 3258 2434 ciuitatem

681 2481 747 2539 et
778 2476 1233 2540 nuntiauerunt
1264 2473 1663 2557 principibus
1694 2474 2100 2540 sacerdotum
2148 2474 2376 2549 omnia,
2418 2493 2578 2556 quae
2624 2474 2795 2540 facta
2831 2478 3021 2542 sunt.
3082 2475 3153 2537 12.
3187 2469 3249 2531 Ec

680 2579 1043 2662 congregati
1106 2599 1246 2645 cum
1294 2580 1653 2646 senioribus
1701 2578 1967 2644 consilio
2035 2585 2296 2661 accepto
2391 2582 2489 2646 13.
2565 2580 2907 2662 pecuniam
2976 2577 3242 2660 copiosam

681 2684 993 2750 dederunt
1027 2685 1334 2750 militibus
1366 2685 1689 2751 dicentes:
1741 2683 1973 2764 Dicite,
2023 2685 2170 2765 quia
2205 2683 2502 2766 discipuli
2551 2685 2689 2750 eius
2730 2691 2930 2750 nocte
2979 2681 3254 2748 uenerunt

683 2795 748 2854 et
785 2787 986 2856 ,furati
1035 2795 1182 2855 sunt
1228 2809 1394 2872 eum,
1440 2789 1622 2855 nobis
1668 2789 2151 2855 dormientibus,
2206 2790 2302 2853 14.
2352 2788 2437 2853 Et
2483 2788 2538 2855 si
2582 2788 2702 2853 hoc
2744 2791 3053 2856 auditum
3097 2784 3257 2851 fuerit

681 2915 718 2959 a
765 2894 1079 2976 praeside,
1124 2915 1243 2961 nos
1291 2895 1697 2960 suadebimus
1746 2895 1805 2959 ei
1852 2901 1916 2961 et
1972 2913 2233 2961 securos
2301 2914 2414 2961 uos
2473 2894 2799 2962 faciemus,
2909 2895 3008 2961 15.
3056 2892 3146 2958 Ad
3186 2886 3257 2953 illi

678 3007 942 3082 accepta
988 3003 1258 3082 pecunia
1299 3001 1590 3066 fecerunt
1634 3002 1799 3066 sicut
1846 3006 2029 3065 erant
2073 3000 2266 3065 docti.
2314 3000 2399 3066 Et
2432 2999 2832 3080 diuulgatum
2885 3004 2994 3066 est
3026 2994 3258 3062 uerbum

677 3106 839 3170 istut
883 3111 1039 3187 aput
1084 3106 1369 3172 Judaeos
1415 3123 1618 3185 usque
1664 3104 1729 3168 in
1761 3105 2135 3169 hodiernum
2185 3105 2368 3169 diem.
2423 3106 2519 3171 16.
2569 3104 2680 3169 ΧΙ.
2716 3109 2938 3169 autem
2988 3095 3259 3181 discipuli

685 3208 982 3275 abierunt
1026 3210 1089 3273 in
1137 3215 1369 3285 monte,
1435 3210 1541 3274 ubi
1589 3209 2011 3274 constituerat
2051 3208 2180 3273 illis
2227 3207 2444 3274 Jesus.
2511 3211 2609 3275 17.
2660 3208 2745 3275 Et
2789 3211 3100 3276 uidentes
3144 3218 3261 3267 eum

679 3315 1129 3393 adorauerunt,
1194 3314 1448 3395 quidam
1496 3318 1708 3378 autem
1755 3314 2227 3379 dubitauerunt.
2297 3317 2395 3379 18.
2443 3314 2532 3378 Et
2575 3316 2887 3381 accedens
2955 3312 3146 3379 Jesus
3184 3306 3258 3370 lo·

683 3425 868 3484 cutus
914 3425 1013 3484 est
1058 3418 1191 3484 illis
1238 3418 1490 3484 dicens:
1558 3421 1723 3484 Data
1771 3423 1870 3485 est
1920 3418 2071 3483 mihi
2135 3417 2340 3483 omnis
2404 3423 2689 3500 potestas
2737 3420 2803 3484 in
2869 3419 3055 3487 caelo
3101 3417 3162 3479 et
3206 3410 3257 3473 in

679 3529 874 3588 terra.
927 3526 1026 3589 19.
1074 3523 1321 3608 Euntes
1369 3543 1554 3604 nunc,
1604 3524 1828 3590 docete
1874 3541 2091 3588 omnes
2138 3528 2377 3605 genteS,
2440 3522 2839 3605 baptizantes
2888 3542 3004 3589 eos
3054 3521 3114 3583 in
3161 3533 3252 3580 no-

679 3630 849 3692 mine
892 3629 1093 3710 patris
1138 3632 1203 3693 et
1248 3626 1360 3693 filii
1407 3634 1473 3693 et
1516 3630 1780 3712 spiritus
1827 3629 2051 3708 sancti,
2101 3629 2201 3692 20.
2253 3627 2554 3694 docentes
2599 3648 2711 3695 eos
2743 3646 3011 3695 seruare
3043 3620 3251 3692 omnia,

679 3752 1153 3814 quaecumquae
1212 3735 1511 3799 mandaui
1573 3734 1778 3800 uobis,
1850 3734 1937 3799 Et
1994 3750 2142 3798 ecce
2203 3750 2321 3814 ego
2380 3733 2706 3798 uobiscum
2767 3752 2906 3798 sum
2991 3723 3257 3796 omnibus

593 3832 605 3838 ’
685 3838 911 3902 diebus
958 3856 1163 3918 usque
1208 3839 1290 3903 ad
1338 3839 1945 3905 consummationem
1993 3836 2254 3902 saeculi.
2305 3839 2522 3904 Amen.
2570 3859 2574 3864 ·

784 4027 787 4030 Α
887 3943 1310 4024 Euangelium
1343 3954 1483 4009 sec.
1535 3942 1930 4008 Matthaeum
1977 3942 2256 4023 explicit.
2309 3941 2539 4025 Incipit
2588 3960 2709 4008 sec.
2758 3941 3120 4006 Johaunen.

1773 4223 2184 4234 ———-———
