3484 5617
553 470 603 537 ’4
1304 463 1669 532 Euangelinm
1708 462 2011 519 secundum
2046 462 2407 516 Matthacum.
3032 461 3093 516 C.
3131 469 3163 515 4

560 676 928 743 adoraberis
973 695 1093 741 me.
1167 676 1265 739 10.
1313 673 1490 739 Tunc
1559 674 1720 738 dixit
1788 674 1848 738 ei
1916 673 2142 739 Jesus:
2222 673 2387 738 uade
2454 678 2628 738 retro
2698 691 2798 737 me
2868 675 3159 739 satanas!

561 781 879 864 Scriptum
913 785 1014 848 est
1058 780 1260 846 enim:
1309 779 1648 843 Dominum
1683 780 1870 843 deum
1904 783 2083 842 tuum
2130 776 2428 842 adorabis
2476 782 2541 842 et
2586 777 2680 842 illi
2728 777 2846 843 soli
2896 778 3161 843 seruies.

564 889 664 953 11.
709 885 887 951 Tunc
930 883 1206 967 reliquid
1253 902 1397 949 eum
1446 883 1735 949 diabolus
1785 887 1851 948 et
1896 901 2074 949 ecce:
2128 882 2359 965 Angeli
2406 887 2813 949 accesserunt
2860 888 2926 948 et
2974 884 3162 948 mini-

552 991 852 1058 strabant
897 989 977 1057 ei.
1080 991 1172 1054 12.
1223 987 1378 1054 Cum
1427 988 1716 1054 audisset
1779 993 1991 1052 autem
2038 986 2248 1068 Jesus,
2296 987 2461 1068 quod
2509 986 2836 1053 «lohannes
2889 987 3165 1055 traditus

561 1103 681 1175 est,
744 1096 1012 1163 secessit
1072 1096 1137 1160 in
1185 1093 1557 1173 Galilaeam,
1631 1094 1729 1158 13.
1780 1097 1846 1158 et
1892 1091 2116 1158 relicta
2180 1093 2442 1158 ciuitate
2488 1091 2827 1172 Nazareth,
2875 1094 3055 1159 uenit
3100 1098 3166 1158 et

562 1201 882 1268 habitauit
927 1199 989 1263 in
1040 1196 1487 1281 Gapharnaum
1533 1196 1914 1262 maritimam
1974 1196 2039 1260 in
2101 1195 2333 1262 finibus
2381 1197 2664 1262 Zabulon
2714 1203 2777 1261 et
2822 1196 3161 1279 Neptalim,

567 1309 664 1373 14.
715 1310 785 1370 ut
829 1304 1203 1387 impleretur
1255 1301 1425 1383 quod
1485 1320 1599 1383 per
1659 1302 1919 1367 Eseiam
1980 1299 2355 1382 prophetam
2418 1302 2657 1366 dictum
2721 1306 2891 1367 erat:
2969 1301 3165 1367 Terra

561 1410 844 1476 Zabulon
906 1414 973 1474 et
1028 1413 1201 1473 terra
1261 1403 1518 1487 Neptali
1570 1457 1584 1471 .
1635 1455 1648 1467 .
1702 1456 1716 1470 .
1814 1407 1912 1471 15.
1981 1407 2178 1471 maris
2238 1409 2415 1471 trans
2467 1406 2812 1486 Jordanen,
2880 1406 3163 1472 Galilaea

561 1514 863 1599 gentium,
917 1514 1012 1579 16.
1045 1512 1320 1594 populus
1349 1512 1458 1593 qui
1490 1509 1755 1578 sedebat
1785 1509 1850 1574 in
1879 1510 2182 1588 tenebris,
2230 1510 2434 1576 lucem
2497 1511 2800 1575 uiderunt
2851 1530 3161 1592 magnam,

558 1621 667 1702 qui
713 1617 1019 1684 sedebant
1063 1618 1126 1682 in
1196 1614 1457 1697 regione
1504 1614 1772 1680 umbrae
1815 1614 2060 1693 mortis,
2095 1616 2206 1681 lux
2251 1613 2440 1680 horta
2474 1621 2571 1679 est
2598 1615 2710 1681 eis,
2764 1617 2862 1681 17.
2911 1614 3160 1683 Exinde

563 1724 773 1806 coepit
815 1723 1009 1788 Jesus
1055 1720 1427 1804 praedicare
1474 1724 1539 1784 et
1587 1720 1831 1785 dicere:
1887 1721 2342 1801 paenitentiam
2391 1721 2580 1801 agite,
2630 1720 3165 1803 adpropinquauit

559 1829 728 1893 enim
746 1846 1014 1908 regnum
1041 1826 1373 1891 caelorum.
1399 1827 1495 1891 18.
1519 1823 1678 1890 Cum
1700 1827 2008 1890 transiret
2025 1832 2236 1890 autem
2256 1825 2600 1890 secundum
2621 1844 2793 1891 mare
2814 1825 3164 1910 Galilaeae,

562 1932 724 1998 uidit
768 1933 930 1997 duos
975 1930 1225 2006 fratreS,
1295 1930 1610 1995 Simonem
1657 1931 1763 2011 qui
1813 1930 2049 1996 dicitur
2095 1929 2343 2008 Petrus,
2391 1934 2457 1995 et
2501 1931 2843 2013 Andream,
2899 1929 3165 1994 fratrem

564 2038 726 2115 eius,
775 2036 1101 2101 mittentes
1159 2035 1325 2100 retia
1374 2036 1438 2099 in
1488 2053 1680 2118 mare,
1729 2039 1915 2099 erant
1961 2035 2125 2099 enim
2177 2034 2547 2115 piscatores.
2605 2037 2702 2100 19.
2749 2035 2835 2099 Et
2867 2035 2961 2100 ait
3000 2034 3163 2100 illis:

563 2143 783 2207 uenite
840 2144 987 2224 post
1031 2158 1130 2204 me
1192 2144 1257 2204 et
1317 2139 1546 2205 faciam
1594 2158 1709 2204 uos
1755 2136 1893 2204 fieri
1946 2141 2294 2221 piscatores
2341 2138 2682 2204 hominum.
2775 2140 2877 2204 20.
2927 2139 3027 2205 Ad
3070 2138 3166 2203 illi

563 2247 862 2312 continuo
911 2245 1157 2310 relictis
1204 2245 1386 2309 retiis
1429 2245 1580 2324 suiS,
1616 2246 1823 2309 secuti
1871 2249 2019 2309 sunt
2064 2262 2227 2309 eum.
2278 2246 2378 2308 21.
2444 2244 2529 2307 Et
2572 2244 2967 2325 praecedens
3019 2244 3166 2309 inde

563 2351 729 2416 uidit
775 2350 934 2416 alios
983 2351 1141 2415 duos
1185 2348 1417 2413 fratres
1464 2346 1773 2413 Jacobum
1820 2347 2157 2426 Zebedaei,
2205 2351 2272 2412 et
2315 2347 2674 2413 Johannem
2720 2347 2980 2414 fratrem
3030 2349 3165 2412 eius

564 2458 626 2522 in
675 2456 970 2522 nauiculo
1019 2473 1158 2520 cum
1189 2452 1559 2518 Zebaedaeo
1595 2458 1779 2533 patre
1827 2453 2110 2533 ipsorum
2140 2451 2504 2518 reficientes
2550 2453 2714 2518 retia
2761 2472 2898 2536 sua,
2946 2457 3012 2517 et
3056 2472 3164 2517 uo·

565 2560 738 2626 cauit
784 2579 911 2625 eos
962 2560 1064 2626 22.
1111 2556 1212 2621 Illi
1262 2561 1471 2622 autem
1520 2556 1765 2625 relictis
1813 2558 1996 2622 retiis
2042 2556 2181 2623 suis
2226 2562 2292 2622 et
2336 2562 2521 2639 patre
2581 2575 2695 2622 suo
2757 2558 2961 2623 secuti
3020 2563 3169 2623 sunt

565 2683 728 2729 eum.
822 2667 924 2730 23.
973 2663 1060 2726 Et
1105 2660 1479 2725 circumibat
1528 2660 1720 2725 Jesus
1770 2664 1966 2726 totam
2017 2660 2389 2745 Galilaeam,
2438 2662 2672 2728 docens
2719 2663 2784 2727 in
2831 2662 3166 2746 synagogis

565 2787 781 2834 eorum
845 2773 908 2832 et
968 2766 1345 2849 praedicans
1408 2766 1809 2848 euangelium
1859 2767 2059 2848 regni,
2107 2771 2172 2833 et
2218 2786 2450 2833 sanans
2505 2786 2747 2832 omnem
2798 2767 3163 2849 languorem

564 2877 630 2938 et
672 2890 919 2937 omnem
965 2869 1396 2936 infirmitatem
1444 2871 1509 2936 in
1559 2921 1571 2934 .
1622 2920 1635 2934 .
1690 2921 1701 2933 .
1775 2872 1879 2938 24.
1927 2872 2140 2952 opinio
2202 2873 2341 2937 eius
2402 2872 2466 2935 in
2528 2876 2725 2937 totam
2773 2871 3040 2954 Syriam,
3102 2878 3167 2936 et

563 2977 930 3057 optulerunt
990 2976 1048 3039 ei
1111 2992 1327 3041 omnes
1386 2974 1551 3039 male
1612 2973 1921 3040 habentes
1986 2976 2179 3043 uariis
2242 2976 2652 3060 languoribus
2713 2983 2780 3043 et
2837 2977 3166 3043 tormentis

567 3081 1097 3163 conpraehensoS,
1146 3083 1212 3144 et
1265 3078 1378 3160 qui
1426 3080 1763 3145 daemonia
1801 3080 2120 3145 habebant
2163 3086 2230 3145 et
2280 3081 2600 3147 lunaticos
2645 3087 2712 3148 et
2755 3083 3164 3165 paralyticos,

568 3192 634 3251 et
679 3203 897 3251 omnes
945 3184 1219 3263 curauit,
1274 3184 1378 3251 25.
1426 3189 1495 3249 et
1539 3185 1971 3266 sequebantur
2015 3191 2157 3250 e'um
2203 3186 2432 3251 turbae
2477 3186 2716 3252 multae
2767 3237 2780 3250 .
2833 3238 2846 3252 .
2897 3237 2911 3251 .
2960 3205 2997 3251 a
3043 3187 3166 3251 De-

569 3290 776 3373 capoli
824 3294 890 3353 et
936 3287 1015 3353 ab
1059 3288 1526 3370 Hierolosymis
1573 3294 1640 3354 et
1684 3309 1722 3352 a
1767 3289 1808 3353 J
1817 3288 2017 3354 udaea
2069 3295 2134 3355 et
2179 3295 2358 3356 trans
2404 3291 2750 3359 Jordanen.

771 3499 858 3566 V.
911 3500 964 3562 1.
1018 3498 1263 3563 Uidens
1304 3503 1514 3563 autem
1563 3500 1817 3563 turbam
1862 3500 2117 3566 multam
2152 3502 2441 3567 ascendit
2472 3503 2534 3566 in
2568 3507 2864 3582 montem,
2914 3508 2979 3568 et
3026 3521 3164 3567 cum

568 3602 861 3680 sedisset,
924 3608 1334 3669 accesserunt
1395 3605 1474 3669 ad
1523 3623 1664 3668 eum
1733 3605 2027 3687 discipuli
2073 3607 2232 3671 eius.
2326 3610 2383 3671 2.
2432 3607 2518 3672 Et
2564 3609 2819 3690 aperuit
2872 3626 2941 3673 os
2988 3624 3165 3674 suum

569 3713 636 3773 et
682 3707 952 3773 docebat
997 3724 1108 3773 eos
1153 3708 1402 3774 dicens:
1480 3710 1538 3774 3.
1587 3709 1773 3775 Beati
1834 3729 2152 3794 pauperes
2215 3711 2465 3793 spiritu,
2529 3713 2824 3793 quoniam
2886 3714 3164 3795 ipsorum

564 3816 665 3877 est
714 3831 975 3892 regnum
1029 3812 1350 3878 caelorum
1396 3814 1460 3878 4.
1509 3814 1694 3879 Beati
1725 3814 1832 3895 qui
1866 3815 2110 3898 lugent,
2160 3816 2457 3897 quoniam
2492 3818 2616 3900 ipsi
2647 3817 3164 3883 consolabuntur.

567 3915 624 3981 5.
673 3917 861 3983 Beati
906 3917 1119 3995 mites,
1168 3917 1467 3999 quoniam
1497 3920 1618 4002 ipsi
1654 3920 2074 4001 possidebunt
2103 3925 2362 3987 terram.
2413 3924 2471 3986 6.
2522 3923 2705 3987 Beati
2740 3915 2845 4003 qui
2879 3924 3168 3987 esuriunt

566 4024 630 4085 et
654 4020 882 4086 sitiunt
927 4020 1261 4105 iustitiam,
1310 4025 1609 4104 quoniam
1658 4024 1782 4105 ipsi
1830 4024 2308 4091 saturabuntur.
2362 4029 2419 4092 7.
2466 4027 2650 4092 Beati
2691 4026 3162 4104 misericordeS,

566 4126 714 4205 quia
760 4126 919 4207 ipsis
965 4127 1370 4192 miserabitur
1405 4129 1580 4195 deus.
1632 4131 1691 4194 8.
1745 4129 1930 4193 Beati
1962 4130 2198 4195 mundo
2234 4131 2445 4210 corde,
2494 4134 2789 4212 quoniam
2822 4134 2946 4215 ipsi
2981 4132 3165 4196 deum

563 4228 894 4294 uidebunt.
967 4233 1028 4296 9.
1077 4231 1260 4297 Beati
1309 4231 1577 4315 pacifici,
1624 4234 1919 4315 quoniam
1981 4233 2095 4299 filii
2159 4236 2261 4301 dei
2325 4237 2741 4303 uocabantur.
2838 4239 2935 4303 10.
2984 4236 3162 4300 Beati

566 4332 676 4413 qui
726 4335 1233 4415 persecutionem
1279 4337 1614 4418 patiuntur
1674 4343 1937 4421 propter
1983 4340 2348 4423 iustistiam,
2410 4344 2704 4424 quoniam
2754 4343 3031 4423 ipsorum
3070 4344 3168 4406 est

562 4455 828 4519 regnum
890 4440 1225 4504 caelorum.
1323 4443 1420 4505 11.
1470 4440 1654 4506 Beati
1702 4444 1884 4509 eritis
1949 4462 2089 4508 cum
2143 4464 2259 4511 uos
2305 4446 2536 4511 maledi
2587 4498 2600 4512 .
2654 4496 2666 4509 .
2717 4499 2732 4515 .
2780 4457 2981 4529 quent
3027 4498 3040 4511 .
3091 4496 3104 4510 .
3151 4498 3164 4511 .

563 4547 707 4607 cent
751 4561 936 4608 omne
982 4544 1218 4610 malum
1280 4546 1616 4610 aduersum
1682 4566 1795 4614 uos
1860 4554 2126 4631 propter
2189 4551 2522 4617 iustitiam.
2617 4553 2716 4618 12.
2765 4551 3059 4616 Gaudete
3106 4557 3170 4616 et

562 4647 869 4727 exultate,
920 4649 1224 4730 quoniam
1271 4670 1515 4719 merces
1565 4658 1779 4719 uestra
1828 4656 2092 4736 copiosa
2139 4661 2238 4721 est
2283 4657 2347 4720 in
2394 4659 2587 4722 caelo
2656 4655 2759 4721 Sic
2808 4659 2975 4723 enim
3022 4676 3166 4738 per-

560 4754 764 4818 secuti
835 4758 985 4818 sunt
1051 4760 1118 4819 et
1177 4755 1525 4838 prophetas
1593 4775 1723 4838 eos,
1798 4758 1906 4840 qui
1968 4758 2223 4823 fuerant
2268 4765 2415 4825 ante
2477 4780 2591 4827 uos
2651 4767 2868 4842 patres
2932 4781 3165 4827 eorum.
