3484 5617
593 510 678 573 64
1354 505 1718 575 Euangelium
1757 507 2055 561 secundum
2098 507 2425 561 Johanuem.
3011 507 3065 560 C.
3114 514 3196 560 12.

591 717 951 783 audiuimus
998 737 1076 782 ex
1124 718 1283 800 lege,
1334 718 1479 800 quia
1530 717 1826 784 Christus
1874 721 2091 782 manet
2135 719 2202 783 in
2252 724 2599 793 aeternum,
2648 723 2715 783 et
2764 719 3075 800 quomodo
3122 722 3196 783 tu

593 823 786 887 dicis:
840 823 1000 900 Quia
1047 826 1302 903 oportet
1348 823 1622 889 exaltari
1668 821 1868 887 filium
1914 823 2235 889 hominis?
2311 823 2466 901 Quis
2512 828 2613 888 est
2660 820 2826 888 filius
2872 822 3201 889 hominis?

589 926 690 992 35.
757 927 926 992 Dicit
986 946 1136 1009 ergo
1200 927 1292 992 eis
1341 927 1574 993 Jesus:
1633 929 1863 993 Adhuc
1910 928 2223 993 modicum
2272 934 2524 1010 tempus
2572 927 2680 991 lux
2729 929 2791 992 in
2839 929 3023 994 uobis
3071 935 3190 995 est.

588 1032 946 1110 Ambulate,
996 1032 1144 1095 dum
1190 1032 1390 1097 lucem
1441 1032 1779 1115 habebitis,
1829 1038 1899 1097 ut
1946 1052 2070 1097 non
2116 1033 2416 1099 tenebrae
2462 1051 2580 1099 uos
2614 1032 3195 1116 comprehendant3

591 1145 654 1203 et
700 1139 807 1219 qui
854 1138 1136 1203 ambulat
1202 1139 1269 1202 in
1314 1138 1615 1216 tenebris,
1664 1137 1890 1217 nescit,
1954 1154 2078 1218 quo
2126 1142 2248 1204 eat.
2297 1139 2401 1202 36.
2453 1136 2617 1201 Dum
2663 1136 2869 1202 lucem
2920 1136 3195 1223 habetis,

593 1243 836 1308 credite
882 1244 944 1306 in
994 1242 1217 1326 lucem,
1275 1246 1347 1307 ut
1393 1241 1510 1307 filii
1556 1243 1715 1307 lucis
1764 1242 1926 1309 sitis.
1999 1241 2196 1328 ‘Haec
2240 1242 2495 1309 locutus
2540 1247 2641 1306 est
2686 1240 2878 1307 Jesus
2924 1248 2993 1307 et
3035 1242 3199 1308 abiit

593 1351 658 1411 et
702 1345 1036 1411 abscondit
1081 1363 1149 1409 se
1196 1347 1273 1410 ab
1322 1348 1436 1411 eis,
1487 1347 1591 1411 37.
1642 1345 1801 1410 Cum
1849 1351 2059 1411 autem
2108 1352 2289 1411 tanta
2334 1347 2514 1429 signa
2545 1346 2807 1412 fecisset
2842 1366 3053 1411 coram
3078 1348 3196 1426 eis,

588 1470 712 1516 non
782 1450 1126 1515 credebant
1192 1451 1255 1515 in
1303 1470 1467 1524 eum,
1560 1452 1664 1516 38.
1734 1456 1805 1516 ut
1850 1469 2054 1516 sermo
2122 1452 2364 1517 Eseiae
2429 1450 2786 1532 Prophetae
2834 1451 3197 1534 impleatur,

589 1557 754 1638 quod
805 1554 998 1620 dixit:
1049 1555 1317 1635 domine,
1365 1557 1507 1637 quis
1556 1555 1834 1620 credidit
1887 1556 2135 1620 auditui
2164 1555 2425 1621 nostro?
2472 1561 2536 1620 et
2560 1553 2927 1620 bracchium
2952 1556 3195 1621 domini

593 1661 695 1724 cui
741 1659 1098 1725 reuelalum
1145 1660 1293 1724 est?
1368 1662 1469 1727 39.
1520 1661 1869 1743 Propterea
1913 1679 2040 1724 non
2087 1664 2385 1741 poterant
2428 1661 2720 1740 credere,
2767 1661 2917 1743 quia
2963 1660 3196 1726 iterum

590 1765 752 1829 dixit
817 1764 1076 1829 Eseias:
1168 1766 1271 1830 40.
1319 1766 1715 1831 Excoecauit
1761 1764 1975 1831 oculos
2036 1783 2252 1830 eorum
2314 1769 2379 1830 et
2423 1764 2752 1830 indurauit
2798 1784 2909 1831 cor
2954 1784 3193 1845 eorum,

591 1878 661 1933 ut
706 1887 828 1933 non
877 1869 1141 1933 uideant
1188 1868 1388 1935 oculis
1436 1873 1502 1933 et
1545 1869 1923 1951 intellegant
1969 1870 2162 1934 corde
2210 1873 2275 1934 et
2322 1874 2800 1944 conuertantur,
2850 1873 2915 1934 et
2954 1870 3195 1935 sanabo

587 1993 712 2038 eos.
782 1976 885 2038 41.
949 1971 1125 2037 Haec
1167 1974 1327 2039 dixit
1370 1974 1619 2050 EseiaS,
1666 1974 1920 2055 qnando
1966 1974 2131 2039 uidit
2176 1973 2573 2039 maiestatem
2621 1974 2781 2052 eiua,
2829 1978 2895 2062 et
2937 1973 3195 2040 locutus

588 2084 689 2143 est
736 2079 813 2143 de
861 2097 957 2143 eo.
1051 2080 1155 2143 42.
1205 2079 1464 2143 Interim
1514 2084 1721 2142 lamen
1770 2082 1834 2142 et
1880 2097 1958 2143 ex
2003 2078 2398 2160 principibus
2444 2078 2625 2142 multi
2673 2078 3083 2144 crediderunt
3128 2078 3194 2143 in

588 2202 761 2263 eum3
832 2184 944 2246 sed
991 2191 1248 2266 propter
1294 2183 1669 2249 Pharisaeos
1716 2202 1844 2248 non
1907 2181 2389 2262 confitebantur,
2450 2202 2533 2248 ne
2592 2183 2671 2249 de
2730 2200 3053 2266 synagoga
3099 2185 3195 2248 ei-

593 2293 904 2353 cerentur.
951 2290 1054 2354 43.
1106 2287 1485 2353 Dilexerunt
1534 2289 1700 2353 enim
1750 2287 2018 2370 gloriam
2066 2287 2389 2352 hominum
2437 2288 2638 2370 magis
2684 2306 2869 2368 quam
2917 2288 3194 2370 gloriam

593 2395 717 2457 dei.
807 2394 912 2459 44.
959 2392 1153 2458 Jesus
1199 2398 1412 2457 autem
1459 2392 1776 2457 clamabat
1820 2397 1885 2458 et
1932 2393 2218 2460 dicebat:
2284 2395 2389 2475 qui
2440 2393 2645 2458 credit
2695 2394 2757 2457 in
2804 2411 2923 2477 me,
2986 2393 3200 2459 credit

591 2503 656 2562 et
704 2498 766 2561 in
816 2515 978 2578 eum,
1030 2498 1137 2579 qui
1186 2498 1357 2561 misit
1403 2516 1522 2561 me.
1573 2499 1674 2563 45.
1724 2497 1863 2580 Ego
1910 2497 2015 2562 lux
2062 2499 2126 2562 in
2172 2498 2342 2563 hunc
2386 2499 2687 2564 mnndum
2735 2499 2918 2577 ueni3
2966 2500 3194 2577 omniS‚

591 2602 697 2685 qui
746 2602 952 2666 credit
996 2602 1060 2666 in
1109 2621 1226 2678 me,
1298 2602 1360 2667 in
1406 2602 1689 2667 tenebris
1735 2621 1859 2667 non
1908 2607 2139 2668 manet.
2231 2604 2335 2667 47.
2382 2602 2470 2669 Et
2516 2604 2624 2684 qui
2668 2603 2946 2668 audierit
2991 2604 3194 2669 uerba

591 2725 730 2772 inea
775 2711 838 2771 et
883 2707 1281 2782 custodierit,
1333 2726 1446 2789 ego
1494 2726 1639 2771 eum
1686 2726 1813 2771 non
1861 2706 2109 2786 iudic03
2188 2727 2309 2773 non
2358 2708 2526 2772 enim
2576 2708 2743 2788 ueni,
2791 2711 2864 2772 ut
2909 2708 3189 2772 iudicem

586 2812 911 2892 mundum,
959 2813 1069 2879 sed
1123 2817 1192 2878 ut
1238 2811 1587 2877 saluificem
1635 2812 1954 2877 mundum.
2009 2813 2115 2879 48.
2165 2812 2286 2890 Qui
2335 2814 2583 2894 spernit
2630 2830 2753 2890 me,
2800 2815 2866 2877 et
2911 2829 3186 2900 nomae·

588 2918 743 3000 cipit
790 2919 987 2982 uerba
1032 2937 1191 3001 mea,
1252 2916 1467 2996 habet,
1529 2918 1635 2998 qui
1684 2917 1925 2982 iudicet
1972 2936 2132 2982 eum.
2227 2915 2467 2999 Sermo,
2539 2935 2722 2997 quem
2771 2935 2889 2998 ego
2934 2917 3192 2982 locutus

590 3041 748 3103 sum,
796 3023 906 3087 ille
953 3024 1265 3089 iudicabit
1313 3040 1452 3086 eum
1503 3023 1852 3087 nouissimo
1902 3023 2025 3087 die.
2078 3024 2181 3089 49.
2232 3022 2396 3100 Quia
2443 3040 2559 3103 ego
2606 3040 2682 3085 ex
2727 3039 2830 3085 me
2874 3023 3014 3104 ipso
3058 3039 3191 3086 non

586 3146 724 3193 sum
771 3128 1042 3208 locutuS,
1091 3127 1204 3192 sed
1252 3128 1362 3208 qui
1410 3126 1585 3191 misit
1630 3147 1731 3193 me
1780 3131 1979 3207 pater,
2027 3129 2165 3208 ipse
2190 3127 2345 3192 mihi
2373 3131 2784 3209 praeceptum
2809 3125 3004 3205 dedit,
3030 3127 3190 3207 quid

588 3231 790 3295 dicam
839 3236 903 3295 et
949 3221 1101 3312 quid
1146 3231 1391 3312 loquar.
1442 3233 1544 3297 50.
1594 3232 1679 3296 Et
1706 3231 1855 3312 scic,
1907 3233 2057 3313 quia
2102 3236 2511 3313 praeceptum
2558 3232 2696 3296 eius
2746 3231 2879 3296 uita
2925 3236 3188 3297 aeterna

590 3340 730 3414 est3
780 3354 946 3417 quae
992 3355 1111 3417 ego
1157 3336 1403 3417 loquor,
1450 3336 1614 3401 sicut
1664 3336 1823 3401 dixit
1867 3336 2021 3400 mihi
2067 3341 2273 3419 pater,
2321 3336 2413 3401 sic
2460 3337 2699 3419 loquor.

796 3542 1004 3611 XIII.
1082 3549 1134 3609 1.
1205 3544 1371 3608 Ante
1432 3544 1599 3609 diem
1644 3550 1859 3610 autem
1920 3543 2148 3610 festum
2198 3545 2471 3625 paschae
2517 3547 2727 3611 sciens
2774 3544 2985 3624 Jesus,
3034 3544 3186 3626 quia

590 3652 770 3715 uenit
816 3651 953 3716 eius
1000 3650 1179 3730 hora,
1226 3653 1298 3714 ut-
1342 3648 1647 3714 transiret
1691 3669 1772 3714 ex
1803 3649 1923 3715 hoc
1969 3650 2201 3716 mundo
2250 3651 2326 3714 ad
2358 3653 2626 3731 patrem,
2676 3649 2946 3731 diligens
2994 3649 3183 3714 disci-

586 3755 769 3836 pulos
817 3773 987 3837 suos
1035 3757 1140 3837 qni
1189 3760 1371 3820 erant
1416 3755 1479 3819 in
1505 3755 1624 3819 hoc
1670 3756 1924 3834 mundo,
1972 3773 2172 3838 usque
2219 3756 2283 3819 in
2307 3753 2494 3819 finem
2541 3754 2767 3819 dilexit
2812 3772 2939 3819 eos
2991 3756 3047 3819 2.
3097 3752 3185 3818 Et

585 3880 744 3925 cena
788 3860 974 3940 facta,
1022 3879 1161 3924 cum
1210 3860 1507 3925 diabulus
1555 3859 1678 3924 iam
1725 3880 1797 3926 se
1842 3860 2121 3927 misisset
2146 3862 2208 3925 in
2243 3879 2370 3941 cor,
2403 3865 2474 3925 ut
2496 3847 2783 3925 traderet
2809 3876 2950 3923 eum
2977 3858 3183 3925 Judas

579 3957 862 4032 ‘Simonis
908 3965 1248 4046 ScarioteS,
1296 3966 1355 4029 3.
1404 3966 1611 4030 sciens
1672 3970 1889 4030 autem
1949 3965 2161 4045 JesuS,
2210 3965 2362 4047 quia
2409 3964 2619 4030 omnia
2665 3964 2844 4030 dedit
2887 3966 2947 4031 ei
2998 3969 3183 4045 pater

586 4071 648 4134 in
699 4089 937 4149 manuS‚
1009 4076 1071 4136 et
1118 4071 1267 4153 quia
1312 4068 1472 4135 adeo
1521 4068 1724 4134 exiuit
1772 4074 1835 4134 et
1882 4070 1962 4135 ad
1998 4071 2183 4135 deum
2232 4070 2433 4150 uadit,
2477 4072 2538 4134 4.
2587 4070 2794 4152 surgit
2840 4088 2879 4133 a
2910 4084 3069 4136 cena
3113 4072 3184 4135 et

583 4177 765 4258 ponit
808 4177 1214 4253 uestimenta,
1262 4181 1327 4240 et
1376 4194 1513 4240 cum
1563 4176 1918 4257 accepisset
1938 4175 2224 4255 linteum,
2273 4175 2627 4257 praecinxit
2670 4192 2758 4240 se.
2820 4175 2881 4241 5.
2930 4173 3184 4240 Deinde

583 4279 761 4345 misit
804 4299 1002 4362 aquas
1048 4280 1112 4344 in
1159 4281 1411 4363 peluem
1481 4286 1546 4345 et
1592 4280 1805 4362 coepit
1849 4281 2066 4345 lauare
2111 4279 2306 4362 pedes
2356 4281 2812 4361 discipulorum
2857 4283 2923 4344 et
2969 4284 3184 4344 exter-

583 4403 735 4467 gere
782 4386 859 4450 de
904 4386 1118 4465 linteo,
1171 4406 1293 4467 quo
1341 4392 1481 4452 erat
1525 4386 1944 4467 praecinctus.
2021 4388 2079 4451 6.
2127 4384 2323 4451 Uenit
2368 4384 2450 4449 ad
2496 4384 2830 4451 Simonem.
2887 4382 2974 4447 Et
3020 4383 3189 4449 dixit

581 4490 703 4554 illi:
781 4491 1054 4568 domine,
1115 4493 1185 4555 tu
1247 4489 1403 4555 mihi
1466 4490 1642 4555 lauas
1690 4490 1932 4571 pedes?
2023 4492 2079 4555 7.
2127 4490 2481 4571 Respondit
2525 4489 2718 4554 Jesus
2764 4493 2831 4554 et
2875 4487 3042 4553 dixit
3084 4490 3182 4554 ei:

580 4596 747 4679 quod
795 4614 912 4677 ego
956 4594 1142 4676 facio,
1211 4602 1282 4660 tu
1328 4597 1556 4675 nescia,
1605 4613 1949 4678 cognosces
1992 4599 2233 4676 postea.
2282 4596 2340 4661 8.
2395 4595 2565 4660 Dicit
2609 4594 2667 4659 ei
2716 4594 2982 4659 Petrus:
3034 4592 3184 4658 Non

581 4700 760 4765 lauas
805 4700 960 4765 mihi
1003 4700 1067 4764 iu
1114 4706 1459 4766 aeternum.
1510 4700 1865 4780 Respondit
1887 4699 2114 4764 Jesus:
2164 4699 2231 4765 Si
2279 4719 2403 4763 non
2453 4698 2667 4764 labero
2700 4703 2785 4774 te,
2829 4717 2954 4784 noun
2979 4697 3182 4763 habes

582 4809 825 4886 partem
856 4821 1119 4867 mecum.
1170 4805 1227 4868 9.
1265 4803 1434 4868 Dixit
1461 4805 1518 4867 ei
1544 4803 1757 4869 Simon
1782 4802 2043 4867 Petrus:
2093 4802 2342 4867 domine
2374 4821 2497 4867 non
2522 4806 2763 4867 tantum
2803 4801 3015 4884 pedes,
3053 4801 3181 4866 sed
