3484 5617
1396 1746 1965 1896 Praefatio.

572 2065 870 2132 Codicem
919 2072 1359 2150 peruetustum
1421 2065 1484 2129 in
1532 2064 1925 2130 bibliotheca
1969 2065 2316 2147 episcopali
2365 2063 2711 2130 Veronensi
2758 2081 2958 2128 asser·

370 2175 605 2249 uatum,
676 2172 783 2252 qui
844 2177 1149 2253 quattuor
1218 2170 1552 2252 euangelia
1619 2170 1846 2235 Latine
1916 2174 2065 2234 ante
2131 2168 2586 2250 Hieronymum
2638 2170 2966 2235 translata

368 2277 666 2354 continet,
715 2279 924 2359 magni
971 2276 1272 2342 momenti
1322 2278 1385 2341 111
1433 2275 1936 2358 quaestionibuS,
2000 2293 2166 2355 quae
2212 2274 2291 2337 ad
2338 2279 2584 2339 textum
2628 2273 2800 2338 Noui
2846 2273 2964 2337 Te-

364 2384 664 2446 stamenti
727 2369 1071 2465 pertinent,
1120 2382 1361 2447 criticis
1422 2399 1585 2460 esse,
1634 2398 1852 2444 omnes
1918 2378 2110 2444 huius
2157 2379 2354 2444 studii
2405 2380 2591 2459 periti
2657 2397 2966 2460 cognoue-

365 2490 533 2549 runt.
627 2485 749 2551 Hic
811 2487 1009 2551 codex
1078 2487 1356 2569 primum
1418 2487 1630 2550 editus
1701 2489 1840 2550 erat
1899 2486 1966 2549 in
2014 2502 2280 2566 corpore
2340 2483 2736 2562 euangelicO,
2797 2483 2965 2563 quod

366 2590 882 2670 Euangeliarium
932 2593 1332 2673 quadruplex
1391 2591 1794 2672 inscriptum,
1842 2589 1976 2654 JOS.
2040 2587 2432 2653 Blanchinus
2495 2586 2735 2650 Romae
2801 2586 2964 2651 1749

364 2694 586 2772 edidit,
652 2694 884 2759 deinde
931 2697 994 2759 in
1041 2696 1445 2774 Patrologiae
1507 2713 1763 2758 cursum
1826 2693 2227 2773 completum,
2290 2710 2477 2772 quem
2537 2690 2742 2754 edidit
2785 2689 2845 2755 J.
2896 2691 2964 2754 P.

368 2794 583 2876 Migne
646 2800 911 2862 Parisiis
978 2801 1145 2864 1845
1207 2805 1381 2874 (tom.
1453 2798 1628 2877 XII),
1691 2800 1986 2878 receptus
2049 2800 2165 2860 est.
2215 2796 2396 2873 Quod
2441 2793 2967 2874 Euangeliarium

366 2901 769 2982 quadruplex
800 2921 960 2984 opus
983 2902 1243 2981 grande,
1294 2902 1530 2982 quippe
1556 2902 1725 2981 quod
1753 2902 1948 2964 etiam
1973 2904 2278 2980 quattuor
2303 2899 2635 2980 euangelia
2682 2918 2717 2961 e
2748 2900 2966 2965 codice

368 3003 780 3082 Vercellensi,
826 3005 1048 3069 eadem
1111 3023 1146 3068 e
1192 3003 1412 3068 codice
1461 3003 1783 3086 Brixian0,
1830 3009 2165 3084 praeterea
2197 3005 2600 3085 euangelium
2649 3003 2965 3069 Matthaei

366 3124 402 3168 e
449 3108 666 3172 codice
716 3097 1082 3172 Corbeiensi
1132 3108 1473 3186 contineat,
1523 3125 1720 3188 quum
1753 3124 1962 3171 rarum
2012 3108 2116 3185 sit,
2164 3109 2289 3172 iam
2337 3125 2453 3189 per
2498 3108 2730 3173 multos
2763 3127 2961 3173 annos

348 3210 483 3275 ‘hoc
530 3211 782 3278 codices
829 3212 1037 3277 denuo
1083 3229 1483 3293 pernoscere,
1536 3216 1599 3276 et
1647 3213 1703 3276 si
1751 3208 1889 3275 fieri
1936 3216 2170 3291 posset,
2220 3211 2534 3277 editiones
2581 3231 2798 3277 eorum
2845 3233 2963 3295 pu·

365 3314 530 3380 blico
579 3316 724 3380 usui
769 3317 1230 3383 commodiores
1289 3333 1520 3396 parare
1582 3317 1941 3397 concupiui,
1990 3315 2070 3379 ad
2132 3317 2300 3397 quod
2348 3318 2541 3381 etiam
2590 3324 2964 3400 praeceptor

366 3423 430 3483 et
474 3421 713 3486 amicus
778 3439 956 3486 meus
1017 3419 1353 3486 Professor
1416 3418 1686 3503 Carolus
1748 3420 1986 3485 Paulus
2034 3419 2323 3503 Caspari,
2388 3424 2489 3486 uir
2535 3406 2960 3504 doctissimuS,

364 3544 530 3590 anno
588 3529 749 3594 1892
798 3527 1154 3605 defunctuS,
1202 3545 1303 3592 me
1349 3545 1542 3608 saepe
1589 3523 1958 3590 cohortatus
2005 3529 2121 3589 est.

569 3629 751 3706 Quod
816 3631 972 3697 mihi
1037 3651 1177 3696 cum
1238 3631 1739 3713 proposuissem,
1806 3629 2089 3693 codicem
2137 3626 2609 3710 corbeiensem,
2681 3632 2827 3696 olim
2897 3634 2960 3696 in

367 3735 765 3801 bibliotheca
800 3737 1073 3817 quadam
1117 3736 1484 3814 Parisiensi‚
1533 3752 1699 3799 nunc
1747 3735 1814 3798 iu
1861 3732 2249 3798 bibliotheca
2291 3736 2610 3816 ,imperiali
2658 3737 2962 3820 Petropo-

365 3839 565 3905 litana
611 3828 1030 3920 asseruatum,
1083 3843 1268 3921 1881,
1319 3846 1385 3905 et
1410 3841 1693 3905 codicem
1737 3837 2215 3904 Vercellensem
2266 3840 2433 3905 1894
2478 3840 2672 3921 edidi,
2723 3824 2961 3905 utrum-

368 3963 492 4025 que
538 3943 651 4010 tali
698 3950 927 4022 ornatu
975 3945 1322 4029 formaque,
1370 3950 1443 4011 ut
1485 3945 1701 4010 aditus
1749 3943 2039 4009 omnibus
2086 3944 2296 4011 facilis
2342 3952 2528 4011 esset.

567 4051 819 4142 Deinde
865 4068 1004 4115 cum
1038 4052 1104 4116 111
1136 4050 1328 4116 Italia
1371 4051 1790 4133 peregrinans
1840 4048 2131 4114 Veronae
2179 4050 2423 4131 aliquot
2453 4048 2590 4115 dies
2639 4051 2959 4115 autumnis

370 4156 533 4221 1889
604 4160 669 4222 et
718 4156 884 4222 1895
946 4157 1388 4234 commorarer,
1437 4154 1716 4220 codicem
1780 4153 2218 4220 Veronensem
2264 4156 2329 4219 in
2378 4154 2765 4220 bibliotheca
2826 4156 2961 4235 epi-

365 4261 606 4343 scopali
670 4262 1015 4342 perlegere,
1064 4264 1381 4342 quatenus
1423 4260 1553 4342 legi
1599 4258 1831 4341 potuit,
1880 4262 1946 4324 et
1991 4277 2135 4323 cum
2182 4263 2359 4325 textu
2405 4276 2443 4321 a
2503 4258 2562 4323 J.
2628 4259 2695 4324 P.
2746 4258 2812 4323 M
2818 4260 2961 4341 igne

372 4365 536 4432 1845
583 4364 774 4443 edito,
824 4363 1113 4430 conferre
1161 4369 1426 4430 conatus
1474 4382 1633 4430 sum.

568 4467 781 4534 Codex
824 4469 1214 4535 Veronensis
1281 4488 1449 4533 nunc
1493 4471 1617 4534 381
1666 4468 1820 4532 folia
1880 4470 1964 4533 29
2012 4489 2109 4532 cm
2154 4469 2302 4548 alta,
2352 4470 2436 4534 23
2481 4488 2575 4532 cm
2636 4467 2768 4532 lata
2815 4487 2958 4532 con·

359 4575 545 4638 tinet.
614 4572 906 4655 Scriptus
953 4581 1052 4640 est
1098 4576 1163 4639 111
1206 4573 1570 4638 membrana
1614 4591 1937 4655 purpurea
1979 4572 2220 4637 litteris
2268 4573 2630 4638 uncialibus
2675 4572 2959 4655 pulchris

364 4678 799 4758 rotundisque,
846 4679 1190 4760 scriptione
1231 4679 1555 4753 continua,
1600 4677 1881 4740 tinctura
1926 4681 2249 4757 argentea.
2298 4677 2581 4757 Paginae
2627 4676 2807 4742 binas
2855 4695 2956 4742 co-

367 4780 611 4846 lumnas
657 4781 925 4861 habent;
973 4783 1301 4847 columnae
1334 4786 1595 4847 octonos
1634 4779 1833 4844 denos
1869 4798 2111 4844 uersus.
2160 4781 2409 4845 Primae
2457 4780 2785 4845 columnae
2832 4781 2960 4845 sin-
