3484 5617
632 402 704 465 18
1364 394 1729 463 Euangelium
1782 394 2080 447 secundum
2120 394 2476 448 Matthaenm.
3042 396 3109 449 C.
3171 401 3282 449 13.

622 609 912 674 homines
957 610 1114 687 eiuS‚
1162 608 1338 672 uenit
1382 606 1680 673 inimicus
1726 605 1864 670 eius
1896 609 1961 669 et
1995 606 2533 686 superseminauit
2564 606 2809 670 zizania
2843 604 2903 669 in
2937 605 3279 671 triticum

626 719 692 778 et
735 710 908 778 abiit.
960 715 1061 778 26.
1112 712 1235 778 Sed
1284 731 1421 777 cum
1470 711 1786 776 creuisset
1830 708 2028 774 herba
2075 714 2141 774 et
2186 689 2455 776 fructum
2503 710 2783 789 fecisset,
2831 715 2984 774 tunc
3031 730 3278 794 appa-

630 821 901 883 ruerunt
947 815 1215 882 zizania.
1264 819 1366 883 27.
1418 817 1846 883 Accesserunt
1894 819 2104 878 autem
2154 817 2326 880 serui
2379 817 2576 895 patris
2623 814 2894 880 familias
2941 821 3006 880 et
3053 816 3266 880 dixe·

626 927 773 988 runt
818 924 916 987 ei:
965 922 1231 1001 domine,
1301 940 1508 987 nonne
1573 921 1807 985 bonum
1871 937 2088 984 semen
2152 919 2483 985 seminasti
2533 921 2593 984 in
2644 938 2795 1002 agro
2844 920 3001 985 tuo?
3052 922 3264 985 unde
3353 966 3357 968 Δ

630 1046 782 1111 ergo
830 1026 1031 1093 habet
1060 1027 1358 1091 zizania?
1406 1028 1505 1092 28.
1556 1026 1639 1091 Et
1686 1027 1778 1090 ait
1824 1024 1993 1089 illis:
2043 1024 2343 1089 Inimicus
2393 1024 2578 1088 homo
2622 1024 2744 1089 hoc
2765 1024 2938 1089 fecit.
2987 1025 3266 1091 Dicunt

629 1133 689 1196 ei
736 1134 944 1198 serui:
1001 1131 1133 1212 Uis,
1185 1132 1345 1195 imus
1379 1135 1443 1195 et
1485 1131 1837 1211 colligimus
1871 1149 1962 1195 ea.
2013 1129 2114 1194 29.
2165 1129 2260 1193 Ad
2309 1130 2403 1193 ait
2445 1128 2605 1194 illis:
2657 1127 2891 1208 Nolite,
2936 1149 3018 1194 ne
3062 1130 3258 1196 forte

630 1237 1003 1319 colligentes
1050 1236 1314 1310 zizania,
1364 1234 1704 1302 eradicetis
1754 1233 1943 1299 simul
1991 1239 2056 1299 et
2086 1235 2386 1299 triticum.
2436 1236 2538 1298 30.
2573 1233 2697 1300 Sed
2732 1235 2922 1299 sinite
2958 1238 3250 1317 utraque

627 1361 916 1408 crescere
983 1359 1185 1423 usque
1233 1340 1313 1404 ad
1358 1358 1646 1422 messem,
1715 1345 1780 1404 et
1827 1339 1889 1402 in
1941 1346 2223 1420 tempore
2271 1339 2498 1405 messis
2545 1340 2747 1403 dicam
2799 1340 3229 1406 messoribus:

600 1446 922 1528 ‹Colligite
989 1447 1263 1528 primum
1331 1444 1576 1509 zizania
1642 1451 1709 1509 et
1755 1444 2015 1525 alligate
2085 1462 2162 1506 ea
2206 1442 2530 1509 fasciculis
2576 1444 2653 1507 ad
2705 1446 3217 1528 comburendum,

623 1550 905 1617 triticum
966 1554 1176 1615 autem
1226 1553 1605 1630 congregate
1653 1549 1714 1612 in
1762 1545 2061 1612 horreum
2125 1567 2350 1612 meum.
2442 1550 2544 1615 31.
2597 1547 2804 1612 Aliam
2857 1550 3227 1630 parabolam

622 1656 874 1721 locutus
919 1659 1020 1720 est
1065 1653 1193 1720 illis
1256 1652 1508 1717 dicens:
1559 1652 1781 1719 Simile
1849 1660 1949 1719 est
2019 1671 2283 1735 regnum
2336 1653 2650 1717 caelorum
2715 1673 2911 1737 grano
2959 1654 3235 1737 sinapiS,

625 1760 791 1843 quod
840 1759 1164 1841 accipiens
1212 1759 1398 1824 homo
1447 1760 1793 1824 seminauit
1838 1758 1901 1821 in
1951 1776 2170 1839 agrum
2220 1776 2419 1822 suum.
2514 1760 2616 1823 32.
2667 1759 2849 1836 Quod
2899 1760 3239 1824 minimum

625 1865 880 1947 quidem
930 1869 1029 1932 est
1075 1863 1368 1929 omnibus
1414 1862 1783 1943 seminibuS,
1833 1882 1969 1928 cum
2021 1866 2232 1927 nutem
2258 1864 2556 1943 creuerit,
2604 1864 2809 1929 maius
2832 1862 2898 1927 fit
2934 1864 3239 1928 omnibus

631 1968 958 2034 holeribus
1005 1972 1071 2032 et
1115 1967 1186 2033 fit
1232 1968 1439 2041 arbor
1472 1966 1621 2033 talis
1667 1969 1779 2051 ita,
1828 1973 1898 2032 ut
1942 1968 2235 2032 uolucres
2305 1968 2463 2033 caeli
2518 1969 2781 2032 ueniant
2824 1973 2889 2033 et
2934 1968 3244 2035 habitent

631 2074 694 2137 in
729 2072 922 2137 ramis
955 2074 1114 2137 eius.
1162 2074 1265 2139 33.
1317 2072 1524 2137 Aliam
1571 2072 1937 2155 parabolam
1969 2071 2219 2138 locutus
2252 2077 2352 2137 est
2397 2074 2528 2152 eis:
2578 2073 2795 2139 Simile
2827 2078 2926 2144 est
2957 2092 3233 2156 regnum

598 2178 950 2244 -caelorum
997 2178 1328 2262 fermento,
1378 2179 1544 2259 quod
1593 2182 1926 2259 acceptum
1970 2177 2199 2241 mulier
2248 2177 2582 2243 abscondit
2627 2178 2692 2242 in
2737 2177 3004 2242 farinam
3050 2197 3231 2242 men-

634 2282 807 2348 suris
855 2281 1083 2361 tribuS,
1132 2283 1331 2349 donec
1375 2281 1822 2348 fermentatum
1884 2287 1984 2347 est
2029 2286 2283 2346 totum·
2344 2283 2447 2347 34.
2496 2282 2673 2346 Haec
2718 2281 2921 2347 omnia
2965 2282 3238 2350 locutus

632 2391 730 2452 est
774 2385 965 2452 Jesus
996 2386 1060 2449 in
1110 2386 1429 2468 parabolis
1478 2385 1554 2450 ad
1603 2386 1849 2470 turbaS,
1898 2390 1962 2451 et
2008 2388 2143 2451 sine
2192 2386 2511 2468 parabolis
2542 2406 2664 2451 non
2697 2387 3077 2468 loquebatur
3110 2388 3225 2471 εἰς,

628 2492 728 2557 35.
777 2494 850 2554 ut
915 2489 1309 2572 impleretur,
1381 2491 1549 2572 quod
1598 2490 1838 2555 dictum
1887 2495 2025 2556 erat
2071 2510 2185 2574 per
2232 2493 2607 2574 prophetam
2656 2492 3009 2557 dicentem:
3062 2494 3219 2574 Ape-

635 2594 795 2658 riam
845 2596 907 2660 in
956 2594 1277 2676 parabolis
1340 2612 1411 2660 os
1475 2615 1700 2674 meum,
1772 2597 2111 2661 ructuabor
2154 2597 2465 2662 absconsa
2511 2601 2659 2663 ante
2706 2599 3204 2662 constitutionem

629 2702 865 2765 mundi.
961 2703 1067 2765 36.
1113 2700 1289 2766 Tunc
1350 2702 1628 2767 dimissis
1691 2702 1893 2767 turbis
1939 2702 2099 2766 abiit
2144 2703 2209 2766 in
2259 2703 2531 2779 domum,
2580 2708 2645 2767 et
2694 2708 3096 2768 accesserunt
3136 2703 3216 2766 ad

626 2823 770 2869 eum
819 2805 1116 2887 discipuli
1164 2806 1304 2870 eius
1375 2806 1699 2873 dicentes:
1744 2809 1995 2872 Enarra
2056 2806 2238 2870 nobis
2286 2806 2651 2888 parabolam
2701 2807 2902 2873 tritici
2949 2811 3015 2872 et
3060 2808 3219 2871 ziza·

598 2910 873 2975 vniorum
921 2911 1080 2992 agri.
1130 2911 1232 2976 37.
1286 2911 1378 2976 Ad
1416 2910 1610 2976 Jesus
1660 2913 2050 2994 respondens
2083 2913 2210 2976 ait:
2257 2910 2376 2988 Qui
2424 2913 2697 2977 seminat
2728 2913 2954 2978 bonum
2988 2930 3226 2995 semen,

625 3021 725 3079 est
772 3013 941 3079 filius
988 3015 1282 3079 hominis.
1334 3018 1432 3081 38.
1483 3016 1653 3096 Ager
1698 3022 1910 3081 autem
1944 3022 2040 3081 est
2070 3016 2174 3081 hic
2205 3017 2494 3083 mundus.
2546 3017 2790 3082 Bonum
2827 3037 2977 3083 uero
3011 3037 3225 3083 semen

602 3119 692 3191 ‚hi
725 3122 873 3183 sunt
895 3117 1008 3183 filii
1033 3121 1229 3200 regni.
1274 3120 1535 3185 Zizania
1562 3126 1777 3185 autem
1802 3119 1915 3186 filii
1940 3124 2088 3185 sunt
2111 3119 2333 3201 iniqui.
2376 3121 2478 3186 39.
2532 3120 2832 3187 Inimicus
2859 3128 3090 3202 autem,
3115 3123 3225 3205 qui

627 3223 969 3287 seminauit
1015 3242 1109 3305 ea,
1159 3224 1449 3289 diabolus
1497 3230 1612 3290 est.
1672 3224 1907 3291 Messis
1953 3244 2105 3291 uero
2154 3225 2549 3291 consumatio
2596 3228 2834 3292 saeculi
2882 3232 2999 3293 est.
3055 3230 3218 3295 Mes·

602 3344 805 3396 :sores
853 3332 1065 3391 autem
1130 3328 1340 3411 angeli
1408 3333 1574 3394 sunt.
1664 3331 1770 3394 40.
1835 3328 2012 3395 Sicut
2056 3349 2206 3411 ergo
2257 3330 2645 3413 colliguntur
2691 3333 2935 3397 zizania
2984 3338 3045 3398 et
3094 3335 3218 3416 igni

631 3429 1103 3509 comburuntur,
1168 3433 1261 3496 sic
1324 3433 1448 3498 erit
1495 3434 1559 3497 in
1609 3437 2213 3500 consummationem
2282 3437 2544 3502 saeculi.
2635 3441 2738 3504 41.
2790 3438 3007 3503 Mittet
3051 3437 3216 3505 filius

635 3534 906 3600 hominis
977 3537 1234 3618 angelos
1297 3555 1448 3601 suos
1511 3541 1575 3601 et
1637 3538 1938 3619 colligent
2007 3540 2085 3605 de
2134 3560 2325 3622 regno
2373 3544 2512 3608 eius
2560 3545 2768 3608 omnia
2815 3545 3115 3609 scandala
3158 3550 3221 3611 et

632 3657 761 3717 eos
812 3641 918 3720 qui
967 3640 1699 3723 faciuntxiniquitatem
1769 3643 1873 3706 42.
1922 3649 1987 3709 et
2030 3646 2284 3710 mittent
2345 3664 2455 3711 eos
2517 3648 2578 3712 in
2646 3650 2959 3713 caminum
3025 3649 3216 3731 ignis;

637 3744 725 3809 ibi
774 3745 896 3809 erit
941 3744 1129 3811 fietus
1177 3750 1245 3811 et
1292 3747 1527 3812 stridor
1574 3747 1879 3813 dentium.
1971 3750 2074 3815 43.
2122 3750 2298 3815 Tunc
2345 3751 2497 3817 iusti
2543 3751 2877 3834 fulgebunt
2923 3753 3087 3819 sicut
3129 3754 3220 3819 sol

634 3850 697 3913 in
748 3867 945 3931 regno
993 3851 1198 3930 patris
1244 3870 1481 3918 eorum.
1552 3852 1674 3931 Qui
1724 3852 1917 3918 habet
1962 3873 2150 3919 aures
2196 3856 2440 3921 audiat.
2489 3857 2696 3923 Aliam
2746 3858 3219 3924 similitudinem

635 3954 871 4018 adiecit
914 3955 1167 4019 dicens:
1216 3957 1320 4020 44.
1371 3955 1589 4022 Simile
1621 3963 1719 4023 est
1752 3976 2012 4038 regnum
2065 3960 2383 4026 caelorum
2432 3962 2775 4028 thensauro
2824 3963 3130 4029 absconso
3157 3966 3216 4029 in

630 4075 799 4139 agro,
849 4077 1035 4140 quem
1089 4080 1228 4125 cum
1276 4062 1595 4126 inuenerit
1641 4061 1848 4145 hom0‚
1895 4061 2228 4129 abscondit
2275 4084 2412 4131 eum
2463 4071 2529 4131 et
2577 4085 2724 4147 prae
2772 4069 3003 4150 gaudio
3047 4067 3214 4133 illins

629 4162 810 4227 uadit
858 4169 921 4227 et
966 4166 1190 4230 uendit
1238 4167 1554 4245 uniuersa,
1606 4185 1771 4247 quae
1817 4167 2010 4232 habet
2041 4173 2106 4234 et
2137 4170 2289 4236 emit
2320 4189 2536 4252 agrum
2586 4171 2783 4237 illum.
2832 4174 2930 4239 45.
2979 4172 3208 4235 Iterum

629 4264 839 4331 simile
909 4276 1008 4335 est
1051 4288 1311 4350 regnum
1364 4271 1682 4336 caelorum
1730 4271 1965 4337 homini
2027 4275 2380 4354 negotianti
2448 4276 2744 4356 querenti
2792 4278 3014 4342 bonam
3058 4294 3206 4340 mar-

599 4369 921 4451 garitam.
968 4376 1070 4438 46.
1121 4374 1392 4440 quenta
1425 4381 1632 4440 autem
1669 4378 1986 4458 praetiosa
2017 4381 2361 4460 margarita
2395 4381 2552 4445 abiit
2578 4385 2642 4444 et
2673 4381 2964 4447 uendidit
2995 4382 3212 4467 omnia,

629 4495 1063 4560 quaecumque
1110 4480 1339 4545 habuit
1387 4485 1450 4544 et
1498 4482 1651 4547 emit
1697 4500 1837 4546 eam
1933 4484 2036 4548 47.
2085 4485 2326 4549 Iterum
2375 4485 2581 4550 simile
2629 4491 2727 4550 est
2771 4505 3038 4569 regnum
3085 4505 3210 4554 cae·

629 4582 833 4646 lorum
881 4585 1085 4649 retiae
1147 4586 1377 4650 missae
1426 4588 1488 4650 in
1539 4588 1718 4670 mari,
1784 4606 1947 4669 quae
1993 4608 2070 4653 ex
2118 4591 2285 4654 omni
2346 4609 2576 4671 genere
2637 4592 2901 4673 piscium
2951 4592 3214 4675 collegit.

627 4687 730 4751 48.
788 4686 942 4753 Cum
993 4693 1205 4754 autem
1277 4695 1447 4756 esset
1489 4690 1771 4772 impleta,
1834 4693 2193 4757 eduxerunt
2261 4711 2395 4760 eam
2458 4696 2538 4760 ad
2598 4695 2751 4760 litus
2818 4702 2884 4760 et
2931 4696 3217 4762 sedentes
