3484 5617
354 436 427 491 C..
457 444 536 493 14.
1124 433 1483 516 Euangelium
1512 434 1825 514 secundum
1865 436 2192 489 Johannem.
2873 442 2953 505 67

356 671 490 726 sum
538 650 723 715 uobis
770 655 927 731 aput
974 668 1089 715 uos
1148 665 1428 713 manens.
1506 648 1610 712 26.
1659 647 2042 712 Paracletus
2104 651 2316 712 autem
2363 648 2627 728 spiritus
2671 654 2955 728 sanctus,

353 774 543 838 quem
587 754 805 820 mittet
869 758 1055 836 pater
1086 754 1150 817 in
1200 754 1455 842 ¹nomine
1479 770 1640 834 me0‚
1667 751 1776 816 ille
1808 770 1923 817 uos
1969 752 2223 817 docebit
2267 752 2497 834 omnia,
2520 772 2957 840 quaecumque

350 843 625 927 dixero(
688 862 795 926 27.
843 861 1072 925 Pacem
1123 859 1203 925 do
1270 858 1474 941 uobiS‚
1522 875 1740 939 pacem
1788 874 1990 922 meam
2036 856 2331 939 relinquo
2378 857 2583 937 uobi8‚
2632 878 2755 923 nou
2802 877 2956 940 quo-

351 966 540 1031 modo
588 965 692 1030 hic
740 965 1017 1030 mundus
1065 964 1192 1047 dat,
1240 982 1355 1045 ego
1406 962 1485 1027 do
1532 961 1734 1027 uobis.
1783 962 1925 1026 Non
1970 962 2271 1027 turbetur
2317 980 2426 1028 cor
2484 967 2795 1042 uestrum,
2844 982 2952 1028 nc-

353 1090 481 1153 que
556 1069 874 1136 formidet.
924 1070 1028 1134 28.
1084 1067 1393 1146 Audistis,
1444 1069 1596 1148 quia
1641 1066 1772 1130 dixi
1834 1063 2051 1133 uobis:
2107 1063 2315 1145 Uado‚
2361 1072 2427 1132 et
2471 1068 2658 1132 uenio
2692 1068 2774 1134 ad
2819 1086 2953 1134 uos.

355 1176 424 1241 Si
471 1174 825 1256 diligeretis
892 1192 1012 1253 me,
1081 1173 1468 1253 gauderetis,
1531 1171 1682 1252 quia
1751 1170 1918 1235 uado
1985 1170 2065 1234 ad
2116 1177 2386 1253 patrem,
2429 1171 2727 1253 quoniam
2773 1175 2958 1251 pater

355 1280 555 1343 maior
599 1296 700 1343 me
746 1282 864 1344 est.
943 1277 1044 1345 29.
1123 1274 1307 1340 Nunc
1375 1276 1507 1341 dixi
1553 1276 1737 1341 uobis
1800 1276 2173 1358 priusquam
2218 1274 2357 1354 fiat,
2401 1280 2474 1341 ut
2534 1274 2957 1341 cum.factum

357 1382 554 1449 suerit
600 1383 896 1449 credatis.
981 1384 1082 1448 30.
1175 1383 1310 1447 Iam
1359 1399 1479 1446 non
1551 1381 1751 1444 multa
1784 1380 2010 1462 loquor
2055 1382 2258 1445 uobis.
2305 1379 2504 1445 Ueuit
2550 1382 2719 1445 enim
2764 1380 2956 1446 huius

352 1490 571 1554 m'undi
619 1487 918 1569 princeps
965 1493 1029 1552 et
1075 1487 1137 1551 in
1187 1470 1285 1551 me
1329 1504 1455 1550 non
1501 1484 1693 1549 habet
1740 1485 2095 1566 quiequam.
2160 1486 2262 1550 31.
2313 1484 2440 1551 Sed
2487 1490 2558 1550 ut
2616 1492 2956 1567 cognoscat

354 1592 460 1658 hic
506 1592 801 1671 mundus,
851 1592 1001 1673 quia
1050 1590 1248 1672 diligo
1312 1595 1576 1673 patrem,
1640 1591 1808 1654 sicut
1853 1593 2264 1672 praeceptum
2322 1588 2479 1654 mihi
2527 1590 2704 1682 dedit
2752 1593 2955 1673 pater,

356 1696 450 1761 sic
475 1697 659 1763 facio.
709 1697 985 1779 Surgite,
1032 1713 1253 1761 eamus
1298 1696 1467 1762 hinc.

567 1905 728 1974 XV.
808 1912 864 1972 1.
933 1905 1072 1987 Ego
1133 1923 1274 1971 sum
1334 1904 1489 1969 uitis
1536 1924 1712 1988 uera,
1778 1910 1843 1968 ct
1903 1908 2087 1987 pater
2147 1922 2323 1969 meus
2371 1904 2648 1985 agricola
2696 1910 2815 1971 est.
2892 1908 2952 1970 2.

360 2012 624 2077 Omnem
673 2011 988 2092 palmitem
1056 2011 1121 2076 in
1190 2028 1290 2075 me
1350 2028 1476 2074 non
1522 2014 1833 2075 ferentem
1883 2009 2180 2088 fructum,
2229 2008 2398 2074 tollit
2443 2028 2590 2076 eum
2637 2016 2839 2092 pater,
2888 2018 2953 2076 et

359 2134 623 2200 omnem,
658 2117 764 2196 qui
796 2114 1038 2180 adferet
1065 2114 1357 2192 fructum,
1384 2114 1683 2195 purgabit
1709 2132 1873 2193 eum,
1903 2118 1975 2178 ut
1999 2114 2275 2190 fructum
2316 2114 2657 2195 plurimum
2682 2114 2949 2181 adferat.

358 2224 417 2287 3.
453 2221 587 2285 Iam
634 2239 745 2286 uos
789 2221 1010 2286 mundi
1073 2221 1231 2286 estis
1281 2225 1541 2303 propter
1605 2238 1981 2298 sermonem,
2030 2238 2218 2300 quem
2265 2218 2516 2284 locutus
2561 2237 2702 2284 sum
2748 2221 2950 2287 uobis,

351 2328 411 2391 4.
475 2327 732 2391 Manete
776 2328 842 2391 in
912 2344 1032 2407 me,
1093 2330 1159 2390 et
1227 2344 1347 2407 ego
1417 2325 1482 2389 in
1554 2325 1769 2414 uobis;
1832 2325 1999 2391 sicut
2044 2326 2289 2407 palmes
2350 2343 2478 2391 non
2527 2329 2737 2408 potest
2782 2326 2952 2391 ferre

350 2415 636 2496 fructum
674 2449 712 2494 a
756 2449 846 2509 se,
907 2432 1034 2495 nisi
1100 2431 1407 2496 manserit
1454 2430 1518 2494 in
1589 2430 1739 2508 uite,
1788 2430 1882 2495 sic
1925 2434 1991 2495 et
2036 2430 2143 2511 qui
2195 2430 2257 2494 in
2302 2447 2404 2494 me
2450 2449 2573 2495 non
2622 2433 2951 2497 manserit.

349 2538 408 2604 5.
455 2535 595 2618 Ego
642 2519 783 2601 sum
828 2536 999 2615 uitis,
1047 2553 1165 2601 uos
1209 2536 1507 2618 palmites
1554 2537 1745 2613 estis;
1794 2537 1906 2617 qui
1952 2535 2275 2601 manetin
2320 2553 2439 2613 me,
2490 2542 2552 2599 et
2596 2555 2713 2617 ego
2761 2536 2825 2601 iu
2854 2557 2950 2617 eo,

350 2641 453 2706 hic
499 2639 750 2706 adferet
795 2640 1070 2706 fructum
1116 2640 1407 2720 multum,
1453 2642 1606 2722 quia
1651 2641 1789 2705 sine
1834 2660 1933 2704 me
1960 2640 2117 2704 nihil
2156 2642 2422 2720 potestis
2467 2639 2695 2705 facere.
2746 2642 2807 2706 6.
2884 2644 2951 2709 Si

352 2747 490 2827 quis
539 2752 752 2813 autem
780 2746 844 2838 in
891 2765 990 2810 me
1037 2766 1161 2811 non
1210 2745 1534 2827 manserit,
1605 2746 1937 2827 praecisus
1980 2749 2102 2827 est,
2168 2744 2336 2809 sicut
2381 2745 2644 2827 palmes,
2694 2751 2759 2811 et
2803 2747 2951 2813 mis-

351 2869 461 2916 sus
486 2855 586 2916 est
631 2850 806 2914 foras
852 2855 920 2916 et
964 2853 1140 2916 aruit
1184 2857 1249 2916 et
1295 2850 1598 2931 colligent
1645 2867 1755 2915 eos
1811 2856 1876 2914 et
1924 2848 1989 2912 in
2034 2849 2241 2931 ignem
2290 2850 2548 2915 mittunt
2594 2854 2660 2916 et
2704 2852 2948 2916 ardent.

354 2958 410 3020 7.
464 2954 531 3020 Si
563 2955 937 3020 manseritis
975 2956 1041 3019 in
1086 2973 1207 3035 me,
1255 2961 1321 3021 et
1352 2954 1549 3019 uerba
1594 2972 1735 3018 mea
1780 2954 1844 3017 in
1870 2954 2054 3019 uobis
2101 2956 2467 3032 manserint,
2513 2956 2952 3037 quodcumque

344 3059 704 3151 ‘uolueritiffi
752 3060 973 3143 petite,
1005 3066 1070 3124 et
1115 3059 1229 3124 fiet
1273 3059 1474 3126 uobis.
1563 3061 1619 3127 8.
1667 3059 1741 3123 In
1790 3059 1905 3123 hoc
1951 3056 2334 3124 clarificatus
2380 3066 2479 3124 est
2524 3065 2709 3142 pater
2750 3080 2950 3142 mem,

355 3169 425 3230 ut
471 3163 747 3230 fructum
797 3165 1133 3246 plurimum
1181 3164 1512 3246 adferatiS,
1558 3170 1623 3230 et
1683 3163 2053 3231 efficiamini
2097 3164 2224 3229 mei
2270 3164 2587 3245 discipuli.
2664 3167 2723 3231 9.
2774 3166 2953 3235 Sicut

352 3269 579 3335 dilexit
625 3288 723 3335 me
770 3275 953 3352 pater
1000 3279 1074 3346 et,
1111 3289 1228 3353 ego
1273 3290 1391 3336 uos
1437 3271 1663 3348 dilexi;
1715 3275 1971 3336 manete
2017 3271 2084 3335 in
2130 3269 2470 3337 dilecti0ne
2525 3288 2684 3338 mea.
2737 3274 2835 3339 10.
2885 3275 2950 3341 Si

351 3380 696 3456 praecepta
741 3394 881 3439 mea
946 3374 1377 3453 seruaberitis‚
1407 3376 1744 3442 manebitis
1791 3376 1854 3439 in
1904 3376 2246 3441 dilectione
2306 3394 2466 3455 mea,
2514 3376 2682 3442 sicut
2725 3383 2792 3443 et
2835 3397 2953 3461 ego

354 3479 559 3561 patris
606 3485 953 3562 praecepta
1002 3481 1259 3545 seruaui
1308 3486 1374 3544 et
1421 3499 1646 3545 maneo
1692 3480 1759 3545 in
1810 3482 1948 3545 eius
2018 3480 2377 3570 dilectione.
2459 3482 2559 3546 11.
2636 3481 2812 3547 Haec
2858 3483 2950 3549 lo-

353 3589 539 3649 cutus
586 3602 722 3650 sum
771 3584 973 3661 uobiS,
1001 3590 1073 3649 ut
1116 3584 1418 3665 gaudium
1465 3603 1671 3648 meum
1719 3585 1784 3648 in
1831 3585 2012 3650 uobis
2059 3586 2162 3664 sit,
2210 3590 2275 3648 et
2318 3585 2622 3667 gaudium
2665 3592 2952 3651 uestrum

355 3687 721 3769 impleatur.
773 3690 871 3753 12.
920 3687 1056 3752 Hoc
1103 3692 1204 3753 est
1248 3694 1657 3770 praeceptum
1708 3706 1935 3766 meum,
1984 3694 2052 3751 ut
2099 3688 2382 3769 diligatis
2428 3688 2721 3768 inuicem,
2785 3693 2953 3756 sicut

362 3792 551 3857 dilexi
577 3812 712 3859 uos.
766 3797 862 3861 13.
912 3793 1223 3858 Maiorem
1269 3792 1391 3856 hac
1416 3792 1826 3857 dilectionem
1876 3811 2059 3857 nemo
2085 3793 2297 3871 habet,
2333 3798 2407 3858 ut
2451 3793 2724 3858 animam
2771 3813 2949 3860 suam

358 3903 546 3978 ponat
592 3917 706 3980 pro
752 3898 976 3963 amicis
1022 3898 1174 3964 suis».
1228 3899 1324 3964 14.
1373 3897 1509 3963 Uos
1558 3897 1746 3962 amici
1790 3898 1914 3962 mei
1961 3898 2138 3977 estiS‚
2173 3898 2225 3962 si
2271 3896 2574 3977 feceritiS,
2623 3916 2787 3979 quae
2833 3918 2949 3982 ego

351 4003 673 4086 praecipio
721 4002 926 4069 uobis.
983 4005 1074 4069 15.
1125 4004 1258 4068 Iam
1303 4022 1429 4068 uon
1474 4003 1615 4070 dico
1663 4020 1780 4068 uos
1813 4021 2057 4079 seruos,
2105 4004 2253 4084 quia
2298 4019 2526 4067 seruus
2552 4003 2777 4083 nescit,
2797 4005 2951 4086 quid

350 4106 502 4174 facit
548 4108 843 4174 dominus
888 4110 1049 4174 eius
1096 4108 1235 4172 Uos
1280 4113 1491 4173 autem
1539 4108 1673 4172 dixi
1721 4108 1977 4186 amic08‚
2041 4108 2186 4188 quia
2233 4107 2464 4183 omnia,
2513 4125 2950 4190 quaecumque

349 4213 573 4279 audiui
602 4233 646 4279 a
694 4221 875 4294 patre
922 4230 1082 4290 mee,
1130 4217 1279 4277 nota
1325 4212 1447 4277 feci
1493 4212 1695 4277 nobis.
1754 4215 1830 4278 16
1898 4210 2038 4275 Non
2065 4229 2182 4275 uos
2204 4230 2304 4276 me
2336 4211 2641 4294 elegistiS,
2689 4212 2803 4278 sed
2835 4232 2950 4296 ego

350 4320 515 4401 elegi
561 4338 677 4384 uos
724 4323 789 4384 et
837 4318 1019 4401 posui
1064 4335 1201 4395 uos,
1250 4322 1321 4381 ut
1368 4318 1530 4382 eatis
1575 4322 1640 4384 et
1683 4316 1957 4382 fructum
1988 4315 2318 4396 adfe1·atiS‚
2366 4321 2432 4382 et
2457 4315 2703 4382 fructus
2734 4323 2952 4384 uester

351 4430 623 4507 maneat,
671 4430 743 4489 ut
788 4423 1230 4506 quodcumque
1277 4421 1593 4502 petieritis
1640 4441 1678 4486 a
1721 4425 1906 4503 patre
1939 4422 2004 4486 in
2052 4423 2305 4488 nomine
2368 4440 2527 4506 meo,
2591 4424 2700 4487 det
2743 4424 2946 4488 uobis,

357 4532 455 4596 17.
503 4528 680 4594 Haec
713 4528 941 4594 mando
990 4529 1197 4608 uobis,
1242 4531 1315 4590 ut
1360 4526 1646 4607 diligatis
1691 4527 1983 4594 inuicem.
2038 4529 2137 4595 18.
2185 4527 2251 4594 Si
2314 4527 2586 4593 mundus
2633 4544 2749 4592 uos
2794 4529 2948 4609 odit,

354 4634 610 4712 scitote,
681 4636 976 4715 quoniam
1043 4653 1145 4699 me
1207 4633 1481 4715 priorem
1548 4632 1695 4696 odio
1764 4631 2005 4697 habuit.
2070 4632 2168 4696 19.
2240 4632 2309 4698 Si
2355 4634 2434 4698 de
2513 4632 2748 4696 mundo
2792 4630 2947 4697 fuis-

325 4739 529 4824 ·setis,
576 4739 872 4817 mundus,
918 4738 1086 4818 quod
1134 4755 1315 4804 suum
1363 4742 1522 4818 erat,
1569 4735 1913 4818 diligeret;
1980 4753 2133 4801 uero
2179 4736 2345 4801 enim
2393 4736 2542 4818 quia
2590 4736 2669 4801 de
2709 4736 2949 4803 mundo

2607 4873 2671 4926 5*
