3484 5617
587 498 712 564 120
1363 491 1724 559 Euangelium
1764 491 2064 546 secundum
2102 489 2368 547 Marcum.
3044 496 3098 553 0,
3139 503 3182 550 1,

586 706 1035 787 Capharnaum
1108 706 1394 783 sabbam,
1473 712 1534 771 et
1600 705 1934 770 confestim
2008 704 2295 785 ingresus
2372 706 2437 770 in
2485 725 2871 790 synagogam
2919 708 3186 773 docebat

578 812 741 876 illos,
835 813 939 877 22.
986 810 1073 874 Et
1117 811 1459 892 stupebant
1506 828 1700 890 super
1745 810 2038 875 doctrina
2085 810 2243 888 eiuS,
2306 813 2445 873 erat
2492 812 2658 875 onim
2732 812 2966 876 docens
3013 813 3187 878 sicut

578 919 958 999 potestatem
1004 914 1265 989 habens,
1344 933 1465 978 non
1515 915 1682 980 sicut
1728 913 1998 979 scribae.
2092 916 2195 979 23.
2243 914 2402 977 Erat
2467 920 2679 979 autem
2747 914 2811 979 in
2862 933 3186 998 synagoga

577 1020 783 1099 homo,
832 1020 935 1101 qui
982 1018 1258 1084 habebat
1303 1017 1597 1100 spiritum
1645 1018 2080 1095 immundum3
2130 1018 2233 1105 24.
2268 1022 2332 1081 et
2364 1017 2679 1083 clamabat
2727 1019 2981 1084 dicens:
3034 1020 3186 1100 quid

578 1126 760 1191 nobis
808 1129 872 1188 et
917 1124 1053 1202 tibi,
1100 1121 1261 1186 Jesu
1307 1122 1685 1187 Nazarene‘?
1762 1123 1998 1186 uenisti
2045 1122 2312 1204 perdere
2359 1140 2508 1201 nos;
2586 1124 2718 1188 scio
2765 1128 2847 1198 te,
2942 1125 3054 1205 qui
3102 1125 3190 1190 sis

579 1234 838 1294 sanctus
888 1229 1010 1293 dei.
1059 1229 1160 1293 25.
1208 1229 1296 1292 Et
1341 1228 1685 1309 imperauit
1728 1226 1822 1290 illi
1873 1231 1938 1291 et
1985 1227 2179 1291 dixit:
2231 1225 2635 1292 Ommutesce
2683 1232 2747 1292 et
2793 1229 2894 1292 exi
2944 1229 3025 1292 de
3078 1230 3185 1293 ho-

578 1334 767 1414 mine,
818 1333 1082 1415 spiritus
1130 1331 1468 1396 immunde.
1539 1334 1641 1397 26.
1690 1331 1779 1395 Et
1826 1333 2149 1398 concussit
2196 1350 2339 1395 eum
2401 1332 2668 1412 spiritus
2713 1332 3078 1398 immundus
3125 1338 3188 1397 et

577 1439 855 1504 clamans
922 1455 1080 1502 uoce
1145 1454 1374 1518 magna
1440 1434 1597 1500 exiit
1663 1436 1741 1500 ab
1814 1453 1909 1500 ee.
1989 1436 2090 1500 27.
2143 1436 2541 1500 Mirabantur
2587 1442 2799 1501 autem
2848 1455 3070 1502 omnes
3119 1443 3183 1502 et

579 1543 1062 1624 conquirebant,
1114 1558 1276 1621 quae
1324 1546 1496 1606 esset
1546 1540 1836 1604 doctrina
1883 1541 2007 1604 ista
2056 1558 2196 1604 cum
2244 1540 2616 1620 potestate?
2685 1547 2749 1606 et
2796 1543 2950 1622 quia
2998 1542 3183 1623 spiri-

579 1648 748 1712 tibus
823 1645 1166 1712 immundis
1239 1645 1529 1725 imperat,
1608 1649 1673 1708 et
1718 1644 2067 1709 obaudiunt
2144 1662 2304 1710 eum.
2355 1647 2458 1711 28.
2509 1642 2591 1709 Et
2624 1647 2780 1710 exiit
2822 1665 3044 1711 rumor
3089 1646 3187 1710 hic

578 1753 813 1834 ubique
860 1752 1032 1815 circa
1077 1750 1371 1830 regiones
1419 1748 1768 1816 Galilaeae.
1821 1751 1920 1815 29.
1971 1748 2289 1830 Egressus
2322 1755 2533 1814 autem
2579 1751 2879 1815 continuo
2930 1750 3012 1815 de
3044 1769 3185 1831 syn·

575 1875 779 1938 agoga
825 1857 1003 1921 uenit
1051 1855 1113 1917 in
1161 1854 1413 1918 domum
1459 1851 1736 1918 Simonis
1783 1857 1849 1917 et
1902 1853 2192 1918 Andreae
2239 1871 2380 1918 cum
2429 1853 2688 1933 Jacobo‚
2752 1860 2817 1919 et
2868 1854 3165 1920 ‚Iohanne

580 1964 681 2027 30.
731 1960 1004 2025 Jacebat
1051 1963 1264 2023 autem
1311 1977 1534 2023 socrus
1569 1957 1845 2022 Simonis
1891 1957 2288 2032 febricitans,
2338 1963 2404 2023 et
2450 1960 2670 2024 dicunt
2716 1961 2772 2024 ei
2808 1959 2885 2024 de
2918 1959 3052 2024 illa.
3081 1963 3180 2025 31.

576 2066 694 2130 Ille
742 2069 952 2128 autem
1000 2061 1194 2141 uenit,
1243 2068 1307 2128 et
1353 2062 1701 2127 extendens
1750 2081 2020 2153 manum,
2064 2063 2484 2143 adprehendit
2531 2081 2672 2127 eam
2721 2069 2786 2129 et
2832 2063 3081 2128 leuauit
3124 2069 3188 2129 et

581 2168 831 2235 remisit
878 2167 1051 2232 illam
1099 2167 1322 2232 statim
1368 2165 1583 2247 febriS,
1647 2171 1712 2231 et
1759 2166 2159 2244 ministrabat
2229 2167 2375 2232 illis.
2471 2169 2573 2233 32.
2624 2166 2778 2232 Cum
2826 2174 3047 2232 autem
3094 2168 3187 2233 sol

577 2273 936 2350 occidisset,
1004 2272 1296 2337 ferebant
1339 2272 1419 2336 ad
1467 2290 1608 2335 eum
1655 2290 1872 2336 omnes
1937 2272 2100 2336 male
2163 2271 2474 2336 habentes
2521 2273 2721 2336 uariis
2769 2272 3189 2353 languoribus

578 2386 643 2446 et
708 2399 839 2457 eos,
913 2379 1022 2461 qui
1093 2376 1413 2442 habebant
1481 2377 1833 2454 daemonia,
1883 2383 1948 2441 et
2014 2376 2286 2441 eiciebat
2356 2378 2691 2453 daemonia
2738 2378 2816 2440 ab
2866 2376 3006 2442 eis:
3085 2378 3186 2442 33.

579 2490 643 2548 et
687 2488 829 2549 erat
872 2483 1078 2547 omnis
1147 2481 1379 2545 ciuitas
1457 2486 1844 2562 congregata
1919 2480 1998 2544 ad
2069 2480 2258 2573 fore-s.
2336 2481 2439 2546 34.
2488 2481 2573 2545 Et
2620 2482 2875 2546 sanauit
2940 2481 3187 2545 multos
3263 2494 3266 2495 *

575 2589 742 2652 male
824 2587 1130 2650 habentes
1209 2585 1620 2665 languoribus
1687 2584 1908 2663 uariis,
1986 2604 2102 2650 nec
2170 2584 2534 2667 patiebatur
2614 2605 2692 2651 ea
2759 2586 2954 2666 loqui,
3038 2605 3188 2666 quo·

575 2694 747 2756 niam
839 2695 1151 2755 nouerant
1225 2708 1387 2754 eum.
1446 2690 1582 2769 335.
1657 2689 1744 2753 Et
1820 2690 2103 2780 diluculo
2199 2708 2468 2771 surgens
2546 2692 2704 2755 abiit
2800 2691 2864 2754 in
2961 2692 3182 2755 deser·

576 2805 708 2861 tum
751 2796 978 2873 locum,
1053 2795 1269 2877 ibique
1330 2795 1571 2858 orabat.
1663 2796 1764 2859 36.
1845 2794 1929 2858 Et
2004 2795 2329 2860 subsecuti
2397 2802 2546 2860 sunt
2613 2813 2754 2859 eum
2800 2794 3048 2874 Simon,
3126 2801 3190 2858 et

577 2904 683 2984 qui
759 2921 901 2965 cum
947 2918 1022 2964 eo
1069 2905 1270 2977 erant,
1344 2900 1630 2987 dicentes
1698 2900 1834 2964 illi:
1917 2901 2018 2964 37.
2070 2902 2363 2981 quoniam
2441 2904 2756 2981 quaerunt
2825 2906 2889 2963 te
2960 2919 3181 2965 omnes

577 3008 679 3073 38.
728 3006 815 3071 Et
862 3007 954 3070 ait
1003 3006 1130 3069 illis
1151 3026 1171 3091 ².
1234 3005 1472 3069 Eamus
1548 3005 1611 3068 in
1661 3004 1923 3068 castella
1993 3004 2261 3095 confinia
2322 3010 2387 3069 et
2433 3006 2731 3097 ciuitates
2777 3005 3180 3087 praedicare,

576 3113 655 3176 ad
700 3108 821 3174 hoc
881 3110 1048 3173 enim
1111 3109 1278 3173 ueni.
1352 3104 1462 3173 39.
1509 3108 1597 3173 Et
1643 3113 1783 3172 erat
1852 3110 2227 3189 praedicans
2304 3109 2366 3172 in
2429 3111 2768 3192 synagogis
2848 3108 3183 3173 Galilaeae

576 3216 859 3294 itemque
905 3214 1242 3276 daemonia
1288 3213 1632 3293 expellens.
1710 3215 1812 3278 40.
1866 3214 1950 3278 Et
1994 3214 2174 3278 uenit
2220 3214 2299 3277 ad
2345 3214 2523 3277 illum
2570 3213 2861 3294 leprosus
2910 3213 3179 3297 deprae-

577 3338 730 3383 cans
776 3336 919 3382 eum
966 3325 1032 3382 et
1082 3317 1330 3381 dicens:
1381 3317 1434 3381 si
1485 3319 1584 3380 uis
1632 3322 1815 3398 potes
1850 3319 2158 3381 mundare
2204 3336 2320 3381 me.
2370 3319 2475 3382 41.
2523 3319 2611 3382 Et
2650 3319 3010 3382 extendens
3059 3337 3180 3382 ma·

577 3440 722 3487 num
771 3422 831 3485 ei
877 3422 1071 3486 dixit:
1121 3422 1285 3500 nole,
1333 3421 1656 3486 mundare.
1750 3424 1853 3486 42.
1903 3422 1989 3486 Et
2034 3422 2337 3486 discessit
2396 3422 2476 3487 ob
2523 3442 2599 3486 eo
2646 3423 2844 3504 lepra.
2936 3424 3048 3487 44.
3098 3423 3179 3487 Et

578 3530 672 3593 ait
717 3528 843 3592 illi:
915 3527 1102 3604 Uide,
1180 3526 1414 3590 nemini
1462 3527 1737 3616 dixeris;
1802 3528 1916 3591 sed
1965 3527 2329 3594 demonstra
2374 3533 2441 3592 te
2488 3528 2828 3607 sacerdoti,
2893 3534 2959 3592 et
3031 3528 3183 3592 offer

575 3652 691 3714 pro
738 3634 1114 3715 purgatione
1162 3637 1277 3696 tua
1324 3650 1491 3713 quae
1540 3635 1870 3715 praecepit
1929 3634 2190 3716 Moyzes
2235 3635 2299 3698 in
2347 3616 2778 3723 testimonium
2827 3633 2975 3698 illis.
3071 3634 3179 3698 45.

579 3739 727 3819 Ipse
772 3742 985 3800 autem
1033 3754 1329 3818 egressus
1362 3820 1365 3823 ,
1397 3737 1608 3818 coepit
1672 3738 2042 3817 praedicare
2088 3743 2153 3803 et
2199 3736 2525 3803 diffamare
2570 3756 2923 3802 sermonem
2974 3739 3067 3802 ita
3113 3743 3183 3801 ut

575 3843 702 3905 iam
748 3861 871 3906 non
919 3845 1139 3922 posset
1184 3842 1392 3923 palam
1440 3842 1502 3904 in
1530 3842 1797 3904 ciuitate
1842 3843 2129 3922 introire,
2149 3842 2262 3906 sed
2311 3841 2480 3907 foras
2511 3843 2576 3905 in
2609 3842 2860 3907 deserta
2905 3843 3049 3907 loca
3070 3861 3174 3906 ue-

577 3946 841 4010 niebant
885 3946 966 4011 ad
1011 3946 1205 4010 illum.

779 4152 877 4221 11.
926 4159 981 4220 1.
1016 4155 1102 4220 Et
1132 4155 1362 4219 iterum
1394 4155 1571 4218 benit
1605 4153 2054 4235 Capharnaum
2088 4159 2234 4235 post
2265 4155 2435 4234 dies3
2469 4158 2536 4219 et
2565 4155 2854 4220 auditum
2880 4159 2981 4219 est
3004 4155 3172 4236 quod

576 4260 640 4324 in
670 4259 853 4324 domo
882 4265 1072 4334 esset,
1121 4262 1178 4322 2.
1208 4264 1274 4323 et
1299 4263 1735 4324 conuenerunt
1759 4260 1960 4338 multi,
1988 4260 2079 4324 ita
2102 4265 2174 4324 ut
2199 4260 2323 4324 iarn
2354 4278 2467 4324 nec
2492 4260 2572 4324 ad
2598 4260 2851 4325 ianuam
2892 4263 3172 4341 caperet,

575 4370 642 4429 et
671 4364 1053 4444 loquebatur
1082 4363 1160 4428 ad
1195 4382 1305 4428 eos
1337 4366 1619 4429 uerbum.
1670 4367 1729 4430 3.
1777 4366 1865 4429 Et
1895 4364 2166 4429 ueniunt
2196 4365 2272 4428 ad
2323 4364 2506 4429 illum
2549 4363 2826 4429 ferentes
2874 4363 3174 4445 paralyti-

576 4489 715 4531 cum
765 4471 831 4533 iu
877 4467 1195 4549 grabattO.
1251 4470 1312 4533 4.
1375 4468 1461 4533 Et
1508 4487 1648 4532 cum
1696 4468 1999 4533 accedere
2045 4489 2171 4534 non
2221 4479 2482 4549 possent
2529 4488 2682 4551 prae
2728 4468 3168 4549 multitudine,

577 4575 955 4637 detexerunt
998 4576 1259 4656 tectum,
1309 4572 1416 4636 ubi
1450 4577 1608 4652 erat,
1672 4577 1739 4637 et
1786 4574 2238 4639 summiserunt
2285 4573 2659 4663 grabbatum
2708 4573 2770 4636 in
2818 4592 2943 4654 quo
2992 4590 3169 4654 para-

574 4679 802 4761 lyticus
848 4676 1115 4743 iacebat.
1164 4680 1221 4745 5.
1272 4676 1430 4744 Cum
1476 4676 1753 4744 uidisset
1800 4683 2011 4743 autem
2057 4678 2251 4743 Jesus
2297 4660 2815 4759 fidem'illorurn²
2864 4679 2955 4741 ait
2986 4695 3166 4757 para-

573 4772 809 4866 lytico(
863 4782 1011 4860 Fili,
1058 4784 1322 4849 remissa
1367 4787 1520 4848 sunt
1562 4782 1680 4849 nbi
1725 4787 1972 4865 pecata.
2030 4786 2090 4849 6.
2137 4784 2341 4849 Erant
2386 4788 2601 4846 autem
2649 4779 2736 4847 ibi
2784 4781 3042 4865 quidam
3090 4780 3197 4873 de¹
