3484 5617
626 450 706 513 78
1409 441 1768 511 Euangelium
1805 441 2101 499 soeindum
2138 442 2438 497 Lucanum.
3078 445 3132 498 C.
3177 448 3217 492 1.

627 655 777 722 disti
824 656 1039 721 uerbis
1066 655 1245 730 meiS,
1292 674 1459 737 quae
1505 655 1939 736 implebuntur
1976 653 2357 736 intempore
2389 672 2525 720 suo.
2571 657 2675 720 21.
2722 655 2810 720 Et
2854 660 2993 720 erat
3037 653 3217 736 plebs

623 766 969 843 expectans
1029 759 1441 825 Zacchariam
1505 764 1569 823 et
1631 759 2030 824 mirabantur
2089 778 2163 825 eo
2228 760 2393 842 quod
2458 758 2745 825 tardaret
2805 810 2819 825 .
2855 803 2917 825 ..
2964 761 3219 841 templo.

623 867 723 932 28.
772 865 1090 947 Egressus
1136 869 1345 930 autem
1396 883 1521 928 non
1567 868 1821 946 poterat
1883 863 2055 946 loqui
2104 863 2183 928 ad
2230 863 2392 943 illos,
2441 870 2507 929 et
2568 868 3011 947 cognouerunt
3054 865 3221 946 quod

622 971 933 1035 uisioncm
980 969 1222 1035 uiderit
1267 972 1329 1033 in
1378 969 1632 1051 templo
1726 969 1814 1032 Et
1859 969 1998 1051 ipse
2045 970 2186 1033 erat
2233 968 2519 1033 adnuens
2565 968 2693 1033 illis
2742 972 2809 1057 et
2865 970 3222 1051 permansit

623 1080 855 1139 mutus,
905 1074 1006 1138 23.
1056 1071 1141 1136 Et
1182 1071 1418 1137 factum
1465 1075 1584 1150 est,
1647 1075 1720 1135 ut
1766 1071 2010 1152 impleti
2073 1076 2224 1136 sunt
2286 1071 2423 1138 dies
2484 1070 2677 1137 officii
2723 1074 2883 1153 eius,
2931 1074 3093 1139 abiit
3155 1075 3222 1139 in

622 1178 877 1242 domum
925 1196 1125 1243 suam.
1174 1178 1277 1242 24.
1307 1176 1460 1242 Post
1504 1176 1619 1240 hos
1648 1180 1860 1242 autem
1893 1176 2029 1239 dies
2078 1174 2366 1257 concepit
2428 1175 2716 1243 Elisahel
2765 1197 2922 1243 uxor
2969 1180 3133 1254 eiuS,
3160 1182 3223 1243 et

626 1282 989 1347 occultabat
1019 1299 1086 1346 se
1114 1281 1437 1347 mensibus
1472 1281 1754 1361 quinque
1781 1280 2038 1346 dicens:
2072 1280 2176 1344 25.
2206 1278 2372 1356 Quid
2404 1280 2559 1345 mihi
2606 1281 2710 1346 hic
2739 1281 2895 1347 fecit
2926 1284 3219 1349 dominus

621 1388 685 1450 in
769 1386 1012 1467 diebus,
1095 1385 1326 1467 quibus
1396 1385 1676 1466 respexit
1751 1383 2002 1448 auferre
2084 1383 2493 1466 obprobrium
2558 1404 2765 1453 meum
2853 1389 3022 1452 inter
3108 1388 3219 1452 ho-

629 1491 880 1555 mines?
950 1491 1052 1555 26.
1101 1489 1342 1555 Eodem
1399 1493 1609 1553 autem
1659 1494 1946 1569 tempore
1990 1489 2224 1557 missus
2272 1494 2338 1554 et
2390 1488 2654 1572 angelus
2711 1490 2970 1556 Gabriel
3020 1511 3058 1555 a
3111 1491 3219 1557 do·

627 1596 800 1659 mino
829 1597 889 1660 in
914 1595 1239 1660 ciuitatem
1273 1592 1581 1671 Galileae2
1610 1593 1713 1659 cui
1745 1611 1972 1658 nomen
1998 1592 2340 1660 Nazareth.
2368 1595 2471 1658 27.
2500 1596 2578 1659 ad
2603 1595 2915 1677 uirginem
2948 1596 3220 1661 Mariam

623 1700 1073 1782 desponsatam
1097 1698 1264 1773 uiro,
1290 1697 1393 1762 cui
1440 1716 1669 1765 nomen
1694 1702 1838 1761 erat
1861 1695 1901 1761 J
1907 1696 2106 1779 oseph
2133 1699 2211 1785 de
2237 1698 2423 1765 domo
2471 1699 2703 1780 Dauid,
2752 1705 2819 1765 et
2842 1719 3068 1765 nomen
3097 1701 3217 1765 uir-

619 1804 786 1887 ginis
833 1803 1039 1869 Maria
1086 1805 1188 1871 28.
1209 1803 1309 1868 Et
1336 1804 1664 1886 ingressus
1699 1803 1965 1884 angelus
1995 1802 2463 1885 euangelizauit
2492 1823 2628 1869 eam
2660 1809 2726 1871 et
2756 1806 2922 1872 dixit
2949 1806 3078 1871 illi:
3113 1807 3218 1871 de-

619 1910 829 1975 minus
861 1913 1090 1987 tecum,
1124 1908 1462 1975 benedicta
1498 1912 1565 1971 tu
1601 1908 1770 1975 inter
1813 1907 2130 1974 mulieres.
2161 1907 2262 1973 29.
2294 1907 2446 1990 Ipsa
2477 1914 2706 1993 autem,
2742 1917 2814 1975 ut
2846 1909 3012 1976 uidit
3048 1928 3199 1991 eum,

622 2018 791 2078 mota
838 2012 1027 2078 estin
1074 2014 1340 2078 introitu
1386 2014 1523 2079 eius
1570 2017 1637 2078 et
1681 2017 1823 2078 erat
1868 2014 2173 2095 cogitanS,
2238 2013 2405 2094 quod
2456 2014 2549 2079 sic
2595 2014 3026 2080 benedixisset
3061 2033 3206 2083 eam.

622 2119 726 2183 30.
772 2117 858 2182 Et
903 2118 997 2185 ait
1040 2117 1098 2182 ei
1147 2118 1414 2200 angelus
1457 2116 1734 2184 domini:
1799 2117 1895 2183 Ne
1940 2119 2171 2184 timeas
2218 2116 2445 2200 Maria,
2492 2119 2795 2185 inuenisti
2860 2119 3029 2185 enim
3075 2138 3212 2200 gra-

621 2227 777 2287 tiam
823 2230 980 2305 aput
1024 2223 1231 2301 deum,
1310 2224 1412 2288 31.
1463 2227 1529 2287 et
1573 2234 1722 2288 ecce
1768 2223 2089 2306 concipies
2147 2225 2212 2289 in
2260 2229 2464 2301 utero,
2529 2229 2595 2290 et
2641 2226 2854 2307 paries
2902 2222 3106 2290 filium
3156 2229 3217 2290 et

622 2326 886 2392 uocabis
943 2346 1171 2393 nomen
1220 2329 1359 2392 eius
1423 2326 1668 2393 Jesum.
1762 2330 1864 2395 32.
1913 2327 2036 2394 Hic
2082 2329 2204 2394 erit
2266 2347 2533 2411 magnus
2595 2333 2661 2395 et
2705 2328 2876 2395 filius
2923 2329 3218 2395 altissimi

621 2431 971 2511 uocabitur,
1033 2436 1099 2496 et
1143 2431 1320 2496 dabit
1378 2431 1473 2497 illi
1537 2431 1831 2499 dominus
1897 2433 2055 2499 deus
2114 2434 2328 2499 sedem
2392 2434 2604 2499 Dauid
2666 2436 2870 2517 patris
2929 2435 3091 2510 eius,
3157 2441 3218 2500 et

618 2535 915 2616 regnabit
958 2535 1022 2599 in
1071 2536 1253 2601 domo
1298 2535 1504 2601 Jacob
1548 2538 1614 2602 in
1663 2542 2013 2615 aeternum,
2061 2538 2161 2604 33.
2198 2542 2264 2603 et
2306 2539 2489 2620 regni
2536 2538 2677 2605 eius
2721 2557 2847 2603 non
2893 2539 3018 2611 erit
3047 2537 3216 2605 finis.

618 2641 723 2705 34.
772 2641 956 2707 Dixit
989 2646 1202 2706 autem
1249 2640 1489 2711 Maria:
1540 2642 1709 2707 Eece
1741 2642 1970 2707 ancilla
2016 2643 2274 2717 domini,
2310 2642 2637 2724 contingat
2680 2641 2836 2708 mihi
2868 2645 3217 2709 secundum

615 2743 876 2812 uerbum
923 2750 1121 2811 tuum.
1172 2747 1276 2813 35.
1323 2746 1411 2809 Et
1456 2747 1849 2828 respondens
1897 2747 2161 2828 angelus
2226 2747 2394 2811 dixit
2437 2746 2565 2812 illi:
2630 2747 2905 2828 Spiritus
2952 2755 3216 2814 sanctus

619 2852 994 2933 superuenit
1038 2852 1215 2930 inte,
1248 2856 1316 2918 et
1350 2852 1559 2917 uirtus
1605 2852 1901 2917 altissimi
1949 2852 2353 2919 obumbrauit
2398 2858 2496 2931 te;
2549 2852 2861 2933 ideoquae
2904 2855 3073 2934 quod
3108 2873 3218 2918 na-

622 2960 838 3021 scetur
884 2962 1143 3021 sanctus
1192 2957 1525 3023 uocabitur
1572 2953 1740 3025 filius
1790 2957 1914 3022 dei.
1960 2959 2063 3025 36.
2126 2957 2214 3025 Et
2258 2976 2408 3024 ecce
2453 2957 2737 3025 Elisabel
2784 2963 3059 3040 cognata
3104 2964 3221 3023 tua

618 3065 688 3125 et
731 3059 872 3147 ipsa
918 3061 1210 3142 concepit
1264 3060 1462 3125 filium
1511 3061 1572 3124 in
1624 3067 1884 3126 senecta
1931 3081 2066 3145 sua,
2136 3068 2200 3126 et-
2244 3062 2351 3129 hic
2395 3064 2631 3129 mensis
2674 3067 2775 3129 est
2820 3071 3039 3135 sextus
3102 3063 3218 3142 illi,

618 3183 781 3248 quae
828 3172 1095 3235 uocatur
1126 3165 1386 3231 sterilis.
1436 3167 1536 3231 37.
1588 3165 1752 3243 Quia
1798 3184 1923 3231 non
1970 3173 2072 3232 est
2101 3168 2498 3250 impossibile
2543 3169 2662 3233 deo
2703 3187 2895 3247 ‚omne
2926 3168 3215 3233 uerbum.

621 3272 720 3336 38.
770 3269 856 3334 Et
902 3270 1201 3335 discessit
1231 3270 1309 3333 ab
1340 3270 1451 3334 illa
1483 3271 1767 3351 angelus.
1818 3271 1920 3336 39.
1969 3273 2341 3357 Exsurge-ns
2392 3278 2605 3338 autem
2651 3273 2857 3339 Maria
2890 3275 2955 3341 in
2989 3273 3217 3344 diebus

618 3374 766 3449 illis,
829 3374 987 3439 abiit
1058 3377 1122 3438 in
1185 3380 1486 3440 montana
1548 3395 1689 3440 cum
1755 3376 2166 3444 festinatione
2227 3380 2293 3443 in
2355 3380 2618 3445 ciuitate
2679 3379 2946 3451 Judeae,
2992 3382 3100 3449 40.
3151 3384 3218 3444 et

621 3480 889 3545 intrauit
933 3479 997 3543 in
1032 3479 1287 3545 domum
1330 3480 1716 3547 Zacchariae
1750 3486 1813 3547 et
1852 3481 2161 3548 salutauit
2204 3483 2511 3553 Elisabel.
2556 3486 2659 3551 41.
2708 3485 2795 3550 Et
2825 3485 3062 3550 factum
3094 3491 3217 3564 est,

604 3588 694 3649 ‚ut
755 3584 1006 3654 audiuit
1067 3584 1517 3651 salutationem
1578 3585 1825 3653 Mariae
1885 3586 2193 3665 Elisabel,
2256 3587 2570 3654 exultauit
2629 3588 2847 3654 infans
2900 3590 2964 3654 in
3025 3593 3213 3655 utero

623 3691 781 3770 eiuS,
830 3695 896 3754 et
954 3689 1203 3771 repleta
1262 3696 1362 3756 est
1421 3691 1656 3772 spiritu
1718 3698 1939 3757 sancto
1985 3692 2288 3775 Elisabel‚
2349 3695 2453 3758 42.
2501 3697 2568 3756 ct
2613 3694 2996 3762 exclamauit
3055 3712 3218 3759 uoce

628 3812 857 3875 magna
918 3795 1167 3860 dicens:
1249 3795 1599 3861 Benedicta
1659 3801 1730 3861 tu
1791 3798 1960 3862 inter
2020 3799 2339 3881 munerea,
2400 3802 2466 3863 et
2526 3798 2901 3864 benedictus
2967 3800 3217 3865 fructus

600 3899 866 3963 uentris
910 3899 1027 3964 tui.
1088 3902 1192 3969 43.
1240 3902 1328 3966 Et
1371 3901 1540 3966 unde
1584 3902 1702 3967 hoc
1751 3902 1925 3985 mihi,
1989 3908 2058 3967 ut
2117 3903 2333 3969 ueniat
2394 3909 2599 3971 mater
2658 3904 2896 3968 domini
2959 3904 3082 3972 mei
3132 3906 3215 3972 ad

619 4008 770 4071 me?
813 4009 916 4073 44.
953 4007 1124 4072 Ecce
1155 4006 1343 4088 enim,
1377 4011 1448 4070 ut
1478 4007 1651 4072 facta
1684 4013 1784 4074 est
1813 4027 1937 4072 uox
1968 4009 2375 4075 salutationis
2404 4015 2555 4075 tuae
2601 4009 2667 4073 in
2726 4007 2988 4077 auribus
3031 4011 3216 4089 meiS,

618 4114 929 4179 exultauit
969 4112 1042 4177 vin
1086 4111 1316 4195 gaudio
1363 4110 1575 4177 infans
1619 4113 1684 4177 in
1730 4118 1912 4178 utero
1944 4132 2102 4192 mec,
2149 4117 2255 4180 45.
2302 4122 2367 4180 et
2412 4115 2617 4192 beata,
2666 4131 2828 4195 quae
2860 4115 3217 4199 credidisti,

617 4219 911 4298 quoniam
979 4214 1387 4300 perficientur
1448 4237 1542 4298 ea,
1589 4237 1755 4300 quae
1814 4219 1987 4283 dicta
2031 4225 2181 4285 sunt
2242 4220 2357 4284 tibi
2404 4237 2441 4283 a
2488 4220 2760 4285 domino.
2820 4221 2925 4287 46.
2987 4219 3076 4284 Et
3120 4223 3220 4287 ait

615 4322 859 4399 Maria:
938 4321 1312 4406 Magnificat
1369 4324 1582 4389 anima
1638 4342 1783 4388 mea
1862 4325 2202 4406 dominum,
2278 4327 2381 4390 47.
2446 4330 2513 4390 et
2572 4326 2885 4391 exultauit
2944 4325 3217 4408 spiritus

617 4446 797 4499 meus
857 4427 922 4492 in
984 4427 1104 4492 deo
1164 4429 1436 4495 salutari
1496 4445 1658 4513 meo,
1735 4432 1841 4496 48.
1904 4433 2054 4512 quia
2111 4432 2397 4513 respexit
2455 4430 2879 4497 humilitatem
2942 4431 3218 4496 ancillae

620 4551 805 4615 suam
868 4550 1014 4598 ecce
1061 4535 1226 4603 enim
1274 4552 1355 4598 ex
1414 4535 1533 4599 hoc
1578 4535 1833 4600 beatam
1879 4554 1980 4600 me
2042 4537 2255 4602 dicent
2301 4554 2518 4601 omnes
2578 4537 3044 4619 generationes,
3103 4538 3211 4601 49.

621 4639 772 4719 quia
814 4638 967 4705 fecit
1013 4637 1166 4704 mihi
1226 4657 1478 4723 magna,
1526 4641 1634 4721 qui
1702 4645 1927 4722 potens
1986 4646 2085 4707 est
2145 4646 2210 4705 et
2269 4647 2560 4706 sanctum
2626 4659 2851 4706 nomen
2898 4643 3057 4708 eius.
3105 4642 3213 4708 50.

620 4742 709 4810 Et
751 4744 1193 4817 misericordia
1238 4745 1486 4810 eius‘in
1527 4746 1782 4811 saecula
1828 4746 2226 4813 saeculorum
2261 4747 2654 4812 timentibus.
2682 4764 2846 4823 eum.
2892 4745 3219 4812 51.·Fecit
