3484 5617
531 466 614 533 82
718 520 727 529 .
1309 461 1675 531 Euangelium
1728 461 2033 518 secundum
2065 462 2363 516 Lucanum.
2986 461 3039 513 C.
3081 465 3111 511 3

530 675 806 756 Lysania
855 674 1186 745 Abilianae
1220 674 1559 753 tetrarcha,
1651 677 1709 737 2.
1760 674 1876 739 sub
1924 674 2325 738 sacerdotum
2375 675 2766 754 principibus
2821 673 3008 738 Anna
3066 677 3133 737 et

533 779 796 863 Caipha,
837 778 1074 844 factum
1125 785 1226 844 est
1258 780 1522 844 uerbum
1572 779 1672 844 dei
1720 796 1918 860 super
1948 777 2281 842 Johannen
2317 778 2662 844 Zachariae
2685 777 2891 842 filium
2923 777 2987 842 111
3024 778 3135 842 de-

533 890 724 950 serto.
816 886 876 949 3.
939 884 1025 948 Et
1069 884 1249 948 uenit
1294 885 1361 948 in
1408 902 1656 947 omnem
1721 884 2049 963 regionem
2095 882 2400 947 Jordanis
2467 883 2851 965 praedicans
2894 883 3135 965 baptis-

531 1008 703 1054 mum
765 988 1221 1071 paenitentiae,
1278 989 1339 1051 4.
1390 988 1559 1053 sicut
1603 989 1911 1070 scriptum
1962 993 2066 1051 est
2111 989 2175 1051 in
2238 988 2403 1052 libro
2451 1005 2810 1054 sermonum
2860 1038 2874 1052 .
2928 1038 2942 1052 .
2992 1038 3005 1052 .
3056 1007 3135 1052 ae

533 1093 914 1176 prophetae:
962 1092 1105 1158 on
1153 1092 1486 1158 clamantis
1532 1091 1597 1156 in
1647 1093 1942 1157 deserto:
1989 1099 2208 1172 parate
2255 1093 2428 1156 uiam
2478 1092 2735 1171 domini,
2785 1096 2995 1158 rectas
3040 1092 3132 1157 fa·

533 1199 658 1263 cite
705 1199 968 1263 semitas
1016 1197 1189 1275 eius3
1264 1199 1321 1264 5.
1373 1197 1576 1261 omnis
1641 1197 1831 1261 uallis
1880 1195 2269 1277 implebitur,
2340 1202 2406 1262 et
2450 1197 2653 1261 omnis
2702 1198 2883 1262 collis
2928 1197 3131 1262 humi-

532 1303 815 1381 liabitur,
877 1307 942 1367 et
989 1306 1178 1367 erunt
1242 1319 1445 1383 praua
1506 1301 1568 1364 in
1618 1300 1885 1378 directa,
1948 1305 2013 1365 et
2059 1319 2290 1380 aspera
2353 1304 2418 1365 in
2481 1301 2623 1366 uias
2672 1301 2913 1382 planaS,
2961 1303 3019 1366 6.
3067 1305 3135 1365 et

532 1407 784 1473 uidebit
826 1407 1031 1472 omnis
1092 1426 1237 1472 caro
1305 1405 1590 1471 salutare
1636 1405 1762 1469 dei.
1856 1405 1915 1469 7.
1965 1404 2235 1469 Dicebat
2303 1425 2453 1488 ergo
2525 1407 2603 1471 ad
2652 1407 2897 1483 turbas,
2966 1424 3133 1486 quae

534 1514 855 1589 exiebant,
888 1516 960 1576 ut
994 1511 1474 1594 baptizarentur
1512 1529 1727 1575 coram
1759 1511 1934 1592 ipso:
1970 1509 2318 1575 Generatio
2346 1511 2729 1594 uiperarum,
2758 1513 2895 1592 quis
2922 1516 3137 1575 osteu-

535 1618 630 1682 dit
676 1617 858 1683 uobis
903 1616 1127 1698 fugere
1174 1617 1254 1680 ab
1301 1615 1397 1681 ira
1459 1616 1781 1680 uentura?
1829 1619 1886 1682 8.
1939 1614 2159 1679 Facite
2221 1633 2372 1697 ergo
2418 1614 2665 1680 fructus
2713 1617 2934 1697 dignos
2983 1634 3136 1696 pae-

537 1722 865 1799 nitentiae,
912 1726 977 1786 et
1024 1740 1104 1785 110
1152 1720 1492 1802 coeperitis
1557 1720 1805 1784 dicere:
1875 1724 2118 1800 patrem
2188 1719 2491 1785 habemus
2540 1722 2886 1786 Abraham.
2973 1719 3139 1783 Dico

537 1831 750 1893 autem
820 1827 1023 1907 uobis,
1101 1825 1257 1907 quia
1327 1828 1541 1906 potest
1609 1826 1770 1889 deus
1838 1826 1918 1888 de
1985 1824 2305 1905 lapidibus
2374 1825 2516 1889 istis
2586 1826 2901 1892 suscitare
2969 1822 3134 1888 filios

537 1932 852 1996 Abrahae.
949 1930 1004 1993 9.
1054 1930 1186 1994 13111
1258 1934 1472 1993 autem
1541 1930 1790 1995 securis
1858 1928 1941 1993 ad
2007 1928 2293 1993 radicem
2364 1928 2661 1995 arborum
2731 1931 2947 2013 posita
3000 1933 3123 2001 est,·

539 2038 745 2102 omnis
779 2036 967 2101 arbor
999 2055 1122 2100 non
1156 2034 1398 2100 faciens
1431 2034 1708 2100 fructum
1733 2035 1967 2099 bonum
2009 2034 2338 2100 excidetur
2369 2039 2434 2099 et
2467 2036 2589 2116 (in)
2634 2036 2783 2116 igne
2830 2035 3121 2098 mittetur.

545 2144 642 2207 10.
688 2141 773 2207 Et
818 2141 1377 2221 interrogauerunt
1420 2139 1603 2205 illurn
1647 2139 1881 2204 turbae
1928 2143 1995 2202 et
2041 2140 2336 2205 dixerunt
2366 2140 2462 2204 ei:
2497 2141 2649 2220 quid
2695 2136 3020 2214 faciemus,
3064 2138 3138 2197 ut

539 2245 878 2310 uiuamus?
973 2248 1066 2310 11.
1116 2245 1533 2325 Respondeas
1581 2249 1792 2309 autem
1856 2243 2019 2308 dixit
2064 2243 2224 2309 illis:
2274 2245 2396 2322 Qui
2421 2244 2617 2310 habet
2662 2244 2820 2308 duas
2865 2240 3137 2315 tunicaS,

540 2351 648 2415 det
692 2369 816 2413 non
864 2349 1144 2432 habenti,
1215 2353 1281 2412 et
1327 2350 1434 2429 qui
1482 2348 1675 2413 habet
1744 2366 1944 2432 escas,
1995 2348 2288 2414 similiter
2348 2348 2560 2414 faciat.
2657 2351 2753 2413 12.
2801 2345 3145 2412 Uenerunt

540 2460 755 2520 autem
786 2460 852 2519 et
882 2454 1220 2534 publicani,
1254 2458 1325 2518 ut
1354 2455 1856 2535 baptizarentur,
1890 2459 1955 2518 et
1987 2454 2288 2520 dixerunt
2318 2454 2401 2519 ad
2434 2453 2641 2518 illum:
2695 2451 3027 2534 Magister,
3074 2454 3145 2515 et

542 2580 656 2625 nos
705 2559 857 2641 quid
906 2560 1258 2624 faciemus?
1352 2561 1451 2624 13.
1500 2559 1619 2624 Ille
1652 2560 1846 2624 dixit:
1894 2559 2071 2624 Nihil
2105 2560 2377 2640 amplius
2410 2558 2702 2640 exigatiS,
2751 2576 2938 2639 quam
2973 2557 3143 2637 quod

538 2666 956 2731 constitutum
1028 2669 1127 2730 est
1173 2664 1373 2729 uobis,
1470 2666 1567 2728 14.
1613 2664 2192 2747 Interrogauerunt
2258 2671 2472 2729 autem
2543 2663 2718 2728 illum
2767 2668 2833 2728 et
2879 2662 3139 2743 militeS,

541 2772 862 2835 dicentes:
912 2769 1081 2847 Quid
1113 2768 1418 2834 faciemus
1449 2772 1514 2833 et
1544 2770 1710 2835 nos?
1756 2768 1867 2833 Ait
1899 2769 2064 2834 illis:
2112 2768 2443 2834 Neminem
2477 2767 2881 2846 concutiatiS,
2929 2786 3142 2848 neque

432 2866 437 2871 ’
543 2874 919 2939 calumniam
977 2872 1250 2955 faciatis,
1315 2879 1380 2938 et
1427 2872 1709 2938 contenti
1758 2878 1964 2939 estote
2009 2874 2352 2954 stipendiis
2399 2875 2655 2939 uestris.
2755 2874 2853 2938 15.
2899 2871 3139 2936 Existi-

543 2983 752 3043 mante
798 2980 1011 3043 autem
1057 2978 1292 3059 populo
1340 2981 1405 3042 et
1451 2977 1883 3058 cogitantibus
1932 2977 2220 3042 omnibus
2268 2979 2332 3043 in
2379 2978 2676 3043 cordibus
2722 2979 2857 3043 suis
2903 2977 2982 3041 de
3027 2975 3139 3040 Jo-

543 3083 814 3161 hannen,
889 3101 970 3146 ne
1015 3081 1183 3148 forte
1228 3082 1370 3163 ipse
1441 3087 1612 3147 esset
1659 3079 1972 3161 ChristuS,
2067 3085 2165 3148 16.
2214 3083 2608 3165 respondens
2670 3085 2759 3148 ait
2807 3081 3140 3147 omuibus:

543 3187 681 3269 Ego
713 3188 969 3269 quidem
1004 3206 1119 3253 uos
1153 3205 1318 3268 aqua
1352 3188 1608 3268 baptizo
1640 3187 1707 3252 in
1739 3189 2229 3268 paenitentiam3
2277 3190 2493 3253 ueniet
2521 3192 2732 3252 autem
2764 3187 2987 3251 fortior
3020 3203 3142 3262 me,

545 3293 724 3357 cuius
794 3311 918 3356 non
987 3311 1126 3356 sum
1197 3292 1430 3372 dignus
1507 3291 1921 3357 calciamenta
1989 3299 2262 3374 portare,
2327 3296 2464 3374 ipse
2508 3312 2625 3357 uos
2670 3291 3028 3373 baptizauit
3075 3290 3143 3369 in

545 3397 777 3477 spiritu
823 3400 1043 3461 sancto
1091 3401 1159 3461 et
1204 3397 1364 3477 igni;
1433 3398 1528 3461 17.
1577 3396 1820 3461 habens
1868 3397 2292 3462 uentilabrum
2355 3399 2420 3462 in
2466 3417 2652 3462 manu
2699 3398 2835 3461 eius
2879 3400 2947 3460 et
2993 3413 3144 3476 pur-

544 3502 724 3583 gauit
769 3520 983 3567 aream
1031 3518 1209 3566 suam
1257 3507 1322 3566 et
1366 3502 1780 3583 congregauit
1844 3503 2127 3566 triticum
2172 3504 2238 3567 in
2284 3503 2581 3567 horreum
2652 3520 2853 3578 suum,
2923 3500 3143 3583 paleas

545 3612 754 3670 autem
790 3606 1118 3670 comburet
1147 3607 1279 3688 igni
1309 3606 1798 3686 inextinguibili.
1856 3608 1949 3672 18.
1985 3607 2192 3671 Multa
2236 3608 2489 3688 quidem
2523 3612 2589 3672 et
2628 3607 2754 3671 alia
2798 3605 3141 3670 exhortans

544 3712 1027 3793 euangelizabat
1091 3712 1415 3793 populum.
1512 3713 1609 3776 19.
1657 3711 1950 3776 Herodes
2019 3718 2230 3776 autem
2303 3712 2628 3777 tetrarcha
2675 3731 2817 3776 cum
2862 3709 3139 3791 corripe-

546 3820 725 3880 retur
794 3816 872 3880 ab
921 3815 1028 3879 illo
1102 3816 1179 3881 de
1227 3814 1595 3881 Herodiade
1665 3835 1860 3880 uxore
1931 3816 2149 3882 fratris
2196 3818 2315 3893 sui,
2364 3821 2428 3881 et
2472 3817 2551 3881 de
2598 3815 2888 3882 omnibus
2934 3814 3142 3894 1113118,

547 3940 710 4002 quae
755 3920 909 3985 fecit
979 3920 1289 3999 HerodeS,
1362 3923 1464 3984 20.
1514 3920 1752 3985 adiecit
1796 3921 1914 3985 hoc
1962 3940 2157 4001 super
2224 3921 2439 3987 omnia
2497 3923 2758 3986 inclusit
2803 3920 3145 3985 Johannen

545 4026 609 4089 in
660 4036 933 4091 carcere.
1024 4029 1124 4090 21.
1173 4025 1441 4089 Factum
1489 4030 1589 4089 est
1633 4031 1865 4103 autem,
1936 4045 2074 4090 cum
2123 4026 2487 4108 baptizatus
2554 4030 2726 4092 esset
2784 4025 2986 4090 omnis
3034 4043 3145 4105 po-

544 4130 753 4213 puluS‚
803 4136 868 4196 et
916 4130 1074 4195 Jesu
1120 4129 1445 4211 baptizato
1495 4134 1561 4193 et
1603 4135 1847 4208 orante,
1898 4136 2190 4211 apertum
2236 4136 2335 4196 est
2380 4132 2643 4209 caelum,
2737 4133 2837 4196 22.
2889 4134 2954 4194 et
3001 4129 3142 4194 des·

549 4237 766 4301 cendit
812 4237 1077 4318 spiritus
1123 4240 1381 4301 sanctus
1428 4228 1747 4317 corporali
1794 4236 2027 4317 specie,
2097 4237 2262 4302 sicut
2323 4237 2629 4314 columba,
2692 4236 2755 4300 in
2801 4238 3030 4318 ipsum,
3082 4238 3151 4298 et

547 4358 671 4403 uox
717 4339 797 4403 de
845 4340 1019 4404 caelo
1064 4339 1238 4404 facta
1284 4349 1415 4405 est:
1465 4340 1666 4404 Filius
1715 4357 1894 4404 meus
1944 4346 2008 4404 tu
2056 4359 2148 4422 es,
2221 4360 2338 4422 ego
2384 4341 2576 4406 hodie
2622 4340 2814 4423 genui
2859 4345 2944 4404 te.
3036 4342 3144 4406 23.

547 4444 637 4508 Et
680 4444 817 4537 ipse
863 4443 1057 4509 Jesus
1131 4449 1274 4508 erat
1319 4444 1630 4526 incipiens
1698 4444 1834 4509 fere
1903 4464 2208 4510 annorum
2260 4495 2271 4506 .
2322 4495 2336 4509 .
2390 4496 2402 4508 .
2473 4446 2642 4527 quod
2689 4445 3032 4509 uidebatur
3082 4450 3153 4509 et

551 4550 880 4643 dicebatur
941 4567 1080 4614 esse
1128 4547 1297 4615 filius
1356 4549 1623 4632 Joseph,
1715 4536 1819 4615 24.
1870 4552 1980 4631 qui
2025 4550 2149 4615 fuit
2194 4551 2318 4630 Eli,
2368 4553 2474 4632 qui
2521 4551 2647 4616 fuit
2688 4550 2986 4627 ›Matthci,
3034 4550 3149 4630 qui

548 4653 671 4719 fuit
713 4654 896 4733 Leui,
945 4653 1054 4735 qui
1098 4653 1223 4719 fuit
1267 4653 1521 4734 Melchi,
1570 4656 1673 4720 25.
1721 4656 1832 4735 qui
1877 4655 2001 4722 fuit
2046 4656 2317 4734 Jannae,
2387 4657 2492 4738 qui
2540 4656 2664 4720 fuit
2710 4654 2972 4736 Joseph,
3036 4655 3152 4736 qui

548 4759 671 4823 fuit
715 4757 943 4840 Naum,
991 4761 1100 4839 qui
1144 4759 1269 4824 fuit
1334 4758 1504 4839 Sedi,
1578 4761 1683 4841 qui
1731 4758 1857 4823 fuit
1904 4759 2190 4841 Maggae,
2255 4761 2358 4824 26.
2409 4761 2519 4841 qui
2567 4758 2690 4825 fuit
2737 4756 3150 4837 Mattathiae,
