3484 5617
320 546 377 599 C.
420 550 500 600 12.
1084 540 1449 609 Euangelium
1489 538 1788 594 secondum
1826 539 2150 593 Johannem.
2849 543 2931 608 63

321 758 468 822 Sine
517 756 709 834 illam,
760 759 830 819 ut
878 755 940 819 in
969 754 1137 817 diem
1185 753 1553 836 sepulturae
1598 772 1781 818 meae
1830 756 2046 818 seruet
2070 751 2230 817 illut.
2282 754 2340 817 8.
2388 753 2714 833 Paupcres
2763 752 2926 816 enim

317 881 570 944 semper
627 860 948 925 habebitis
1018 858 1368 933 uobiscum,
1441 877 1540 921 me
1619 862 1832 923 autem
1901 876 2025 922 non
2096 874 2366 937 semper.
2458 858 2515 922 9.
2585 855 2671 947 Et
2743 856 2933 921 turba

314 967 523 1032 multa
585 985 662 1030 ex
724 963 993 1029 Judaeis
1075 961 1349 1041 audiuit,
1413 963 1563 1043 quia
1625 960 1759 1027 illic
1821 966 1939 1036 est,
2010 965 2075 1026 et
2133 965 2447 1026 uenerunt
2500 980 2625 1025 non
2674 965 2936 1042 propter

322 1071 564 1150 Jesum,
612 1068 729 1136 sed
776 1073 846 1134 ut
889 1068 1208 1134 Lazarum
1236 1066 1551 1151 uiderent,
1601 1085 1788 1148 quem
1835 1065 2173 1132 suscitauit
2233 1085 2269 1129 a
2323 1064 2609 1130 mortuis.
2664 1067 2764 1132 10.
2815 1064 2934 1130 Co-

323 1178 698 1258 gitauerunt
765 1179 975 1237 autem
1035 1171 1360 1254 principes
1425 1171 1850 1251 sacerdotum,
1900 1176 1971 1235 ut
2014 1176 2080 1235 et
2126 1172 2433 1235 Lazarum
2479 1168 2931 1252 interficerent,

337 1283 436 1345 11.
510 1279 663 1360 quia
729 1278 915 1342 multi
982 1280 1246 1360 propter
1314 1276 1509 1340 illum.
1565 1276 1828 1342 abibant
1902 1274 2294 1340 Judaeorum
2357 1279 2420 1340 et
2483 1275 2827 1340 credebant
2872 1275 2937 1342 in

341 1385 580 1450 Jesum.
682 1384 775 1446 12.
846 1382 919 1446 In
967 1382 1312 1446 crastinum
1360 1386 1570 1446 autem
1619 1382 1825 1460 turba,
1896 1399 2059 1462 quae
2114 1381 2292 1445 uenit
2340 1380 2420 1444 ad
2469 1380 2634 1444 diem
2682 1378 2933 1461 festum,

338 1508 476 1553 cum
524 1487 876 1565 audissent,
941 1486 1091 1567 quia
1136 1486 1316 1550 uenit
1364 1483 1557 1549 Jesus
1603 1484 2070 1566 Hierosolyma,
2166 1487 2264 1551 13.
2315 1489 2698 1564 acceperunt
2743 1484 2934 1549 flores

331 1593 687 1677 palmarum
751 1595 815 1655 et
864 1594 1313 1670 processerunt
1359 1589 1609 1655 obuiam
1659 1590 1716 1653 ei
1767 1594 1831 1653 et
1880 1589 2272 1654 clamabant:
2368 1586 2675 1672 ossanna,
2753 1590 2938 1654 bene·

330 1699 557 1775 dicluS,
607 1696 716 1776 qui
764 1695 943 1760 uenit
987 1694 1052 1759 in
1102 1694 1352 1759 nomine
1383 1693 1640 1771 domini,
1691 1713 1802 1757 rex
1849 1693 2147 1759 Istrahel.
2205 1695 2299 1758 14.
2348 1694 2437 1759 Et
2467 1695 2713 1759 inuenit
2749 1693 2938 1760 Jesus

333 1803 596 1867 asellum
654 1805 720 1865 et
764 1799 932 1865 sedit
978 1818 1358 1881 supereum,
1409 1800 1575 1863 sicut
1622 1798 1932 1879 scriptum
1980 1804 2110 1863 est:
2171 1800 2263 1864 15.
2312 1798 2458 1865 Noli
2504 1801 2752 1879 timere,
2803 1799 2933 1865 filia

336 1909 506 1990 Sion,
577 1925 722 1971 ecce
771 1924 883 1970 rex
929 1910 1077 1970 tuus
1125 1905 1306 1969 uenit
1352 1904 1583 1970 sedens
1629 1922 1824 1984 super
1870 1902 2113 1986 pullum
2163 1903 2342 1968 asini.
2445 1907 2540 1972 16.
2589 1904 2772 1970 Haec
2817 1925 2942 1971 non

343 2014 777 2095 cognouerunt
822 2009 1120 2092 discipuli
1166 2008 1306 2074 eius
1352 2009 1645 2091 primum,
1695 2007 1805 2072 scd
1855 2008 2106 2089 quando
2156 2005 2541 2075 clarificatus
2586 2013 2686 2075 est
2730 2008 2944 2090 JeSUS,

344 2116 660 2182 recordati
710 2121 877 2193 sunt,
926 2116 1077 2197 quia
1110 2114 1267 2178 haec
1310 2117 1497 2199 erant
1543 2114 1803 2194 scripta,
1852 2117 1917 2178 et
1961 2112 2118 2178 haec
2162 2113 2451 2179 fecerunt
2480 2114 2559 2178 ei.
2617 2116 2709 2178 17.
2744 2115 2944 2181 Testi-

344 2222 620 2287 monium
657 2239 807 2301 ergo
834 2217 1212 2301 perhibebat
1234 2218 1440 2297 turba,
1478 2236 1639 2299 quae
1675 2224 1814 2282 erat
1842 2236 1980 2282 cum
2014 2236 2107 2295 eo,
2136 2217 2286 2300 quia
2333 2218 2641 2283 Lazarum
2689 2221 2945 2285 uocauit

342 2327 419 2392 de
466 2328 871 2391 monumento
920 2329 988 2389 et
1036 2322 1374 2388 suscitauit
1421 2341 1564 2386 eum
1614 2341 1650 2386 a
1693 2323 1985 2387 mortuis,
2038 2324 2133 2388 18.
2183 2323 2538 2405 Propterea
2583 2323 2837 2389 obuiam
2885 2326 2945 2389 ei

338 2431 516 2496 uenit
561 2430 769 2513 turba,
828 2427 1129 2511 quoniam
1177 2428 1537 2506 audierunt,
1587 2429 1734 2509 quia
1781 2428 1900 2492 hoc
1944 2427 2099 2493 fecit
2145 2428 2413 2509 signum.
2469 2429 2564 2492 19.
2611 2428 2945 2495 Pharisaei

341 2556 494 2618 ergo
538 2535 837 2599 dixerunt
883 2534 965 2598 ad
1010 2536 1211 2598 semet
1239 2534 1448 2614 ipsos:
1497 2532 1782 2611 Uidetis,
1837 2534 1986 2615 quia
2032 2552 2155 2597 non
2203 2534 2523 2614 prodestis
2570 2534 2947 2616 quicquain?

343 2660 494 2707 ecce
541 2640 746 2705 omnis
794 2639 1068 2704 mundus
1118 2641 1261 2719 post
1305 2656 1448 2702 eum
1496 2637 1671 2702 abiit.
1722 2639 1823 2703 20.
1872 2637 2075 2702 Erant
2122 2636 2350 2703 Graeci
2401 2638 2653 2717 quidam
2703 2657 2781 2701 ex
2825 2638 2944 2716 his,

346 2746 458 2825 qui
504 2744 943 2821 ascenderant,
997 2746 1066 2807 ut
1112 2743 1450 2809 adorarent
1519 2743 1582 2805 in
1631 2741 1733 2806 die
1780 2741 1966 2806 festo.
2059 2744 2158 2805 21.
2211 2741 2294 2805 Hi
2342 2760 2493 2822 ergo
2541 2746 2951 2808 accesserunt

347 2850 428 2913 ad
458 2848 857 2932 Philippum,
926 2847 1036 2929 qui
1098 2851 1236 2912 erat
1283 2867 1319 2913 a
1364 2844 1712 2912 Bethsaida
1745 2846 2126 2921 Galilaeae,
2200 2850 2266 2911 et
2311 2847 2620 2928 rogabant
2668 2866 2810 2912 eum
2858 2847 2951 2911 di-

346 2956 615 3019 centes:
710 2953 994 3031 Domine,
1100 2952 1393 3018 uolumus
1484 2950 1707 3017 Jesum
1800 2936 2086 3016 uideres
2136 2951 2258 3014 22.¹
2336 2949 2533 3015 Uenit
2619 2950 2953 3034 Philippus

347 3065 413 3124 et
483 3058 639 3123 dicit
709 3058 1016 3137 Andreae,
1096 3058 1390 3122 Andreas
1458 3060 1674 3121 autem
1753 3061 1818 3121 et
1888 3055 2232 3138 Philippus·
2294 3056 2527 3120 iterum
2589 3056 2811 3121 dicunt
2869 3057 2949 3121 ad

348 3164 589 3229 Jesum.
681 3164 782 3227 23.
851 3162 1044 3228 Jcsus
1114 3167 1324 3228 autem
1372 3161 1705 3245 respondit
1752 3163 1845 3227 eis
1893 3161 2147 3227 dicens:
2219 3158 2416 3226 Uenit
2459 3161 2634 3241 hora,
2706 3166 2778 3226 ut
2823 3162 2951 3226 cla-

348 3266 632 3336 rificetur
678 3265 845 3332 filius
888 3267 1184 3333 hominis,
1279 3269 1380 3333 24.
1457 3267 1680 3346 Amen,
1763 3286 1944 3331 amen
2007 3266 2147 3331 dico
2211 3265 2426 3331 uobis:
2506 3267 2628 3331 nisi
2684 3285 2948 3349 granum

344 3373 545 3439 tritici
590 3373 826 3437 cadens
872 3374 937 3438 in
984 3376 1218 3438 terram
1267 3376 1583 3437 mortuum
1660 3369 1876 3448 fuerit,
1924 3373 2133 3454 ipsum
2180 3369 2384 3438 solum
2432 3380 2661 3438 manet.
2738 3373 2838 3439 25.
2887 3373 2952 3438 Si

348 3482 563 3543 autem
633 3482 946 3542 mortuum
1011 3477 1227 3555 fuerit,
1297 3476 1563 3541 multum
1610 3476 1889 3542 fructum
1936 3476 2199 3542 adferet.
2293 3474 2414 3552 Qui
2464 3482 2633 3542 amat
2679 3478 2952 3542 animani

344 3601 526 3648 suam
600 3581 662 3646 in
711 3581 832 3646 hoc
895 3582 1152 3664 mund0,
1224 3581 1451 3661 perdet
1495 3599 1654 3660 eam,
1726 3586 1792 3645 et
1839 3581 1946 3663 qui
1993 3582 2129 3646 odit
2177 3582 2449 3646 animam
2497 3600 2676 3647 suam
2725 3583 2787 3644 in
2836 3582 2953 3646 hoc

355 3688 607 3771 mundO,
658 3687 722 3752 in
770 3687 970 3751 uitam
1019 3690 1346 3750 aeternam
1398 3686 1675 3750 custodit
1724 3704 1880 3749 eam.
1955 3688 2056 3751 26.
2112 3685 2176 3751 Si
2225 3687 2367 3767 quis
2415 3684 2572 3749 mihi
2618 3684 2953 3765 ministrat,

360 3796 657 3873 sequatur
721 3811 840 3870 me,
911 3796 975 3856 et
1037 3791 1143 3855 ubi
1206 3808 1321 3873 ego
1382 3808 1541 3869 sum,
1612 3790 1744 3854 illic
1791 3793 1856 3855 et
1900 3789 2192 3855 minister
2236 3807 2416 3854 meus
2462 3791 2602 3855 erit.
2699 3789 2765 3855 Si
2812 3790 2954 3871 quis

361 3901 570 3961 autem
616 3896 771 3960 mihi
820 3895 1301 3975 ministraberit,
1372 3891 1813 3960 honorificabit
1882 3912 2025 3959 eum
2068 3899 2269 3975 pater.
2363 3895 2464 3960 27.
2514 3891 2697 3959 Nunc
2743 3893 2953 3959 anima

353 4020 492 4067 mea
538 4002 855 4084 turbatur,
906 4005 969 4065 et
1018 4000 1170 4082 quid
1219 4000 1472 4066 dicam?
1519 4004 1719 4082 pater,
1769 3997 2058 4065 saluifica
2089 4019 2208 4081 me,
2243 4003 2444 4082 pater,
2495 4017 2571 4064 ex
2603 3998 2722 4062 hac
2771 3997 2950 4078 hora3

352 4106 466 4171 sed
513 4107 853 4188 propterea
896 4106 1078 4170 uenit
1126 4105 1187 4169 in
1231 4105 1452 4170 horam
1499 4105 1706 4171 istam.
1774 4108 1873 4171 28.
1921 4106 2112 4170 Pater
2157 4102 2433 4170 clarifica
2478 4109 2657 4168 tuum
2705 4122 2949 4168 nomen.

351 4209 547 4275 Uenit
594 4229 745 4293 ergo
794 4229 917 4275 uox
964 4211 1042 4275 de
1070 4210 1280 4276 caelo:
1331 4210 1415 4275 Et
1441 4209 1780 4277 clarificabi
1813 4215 1879 4275 et
1926 4210 2159 4276 iterum
2187 4207 2563 4275 clarificabo,
2614 4210 2714 4275 29.
2742 4209 2954 4274 Turba

352 4333 525 4397 ergo,
573 4334 735 4398 quae
783 4316 994 4381 stabat
1056 4322 1119 4380 et
1165 4313 1487 4395 audiebat,
1553 4314 1889 4381 dixerunt:
1939 4316 2315 4381 Tonitruum
2360 4314 2594 4380 factum
2643 4319 2774 4393 est3
2847 4312 2957 4379 alii

354 4420 681 4486 dicebant:
755 4423 1019 4503 angelus
1065 4423 1123 4485 ei
1169 4420 1418 4485 locutus
1465 4425 1583 4486 est.
1675 4422 1776 4487 30.
1825 4422 2182 4501 Respondit
2224 4421 2414 4486 Jesus
2462 4425 2527 4485 et
2575 4420 2768 4486 dixit:
2815 4420 2956 4485 Non

353 4530 617 4608 propter
663 4546 760 4591 me
811 4546 932 4592 uox
982 4528 1137 4591 haec
1184 4524 1380 4605 uenit,
1438 4525 1550 4589 sed
1597 4529 1860 4606 propter
1907 4545 2042 4591 uos.
2133 4527 2236 4592 31.
2290 4526 2469 4591 Nunc
2514 4524 2810 4590 iuditium
2860 4529 2959 4589 est

353 4630 594 4713 mundi,
644 4651 812 4698 nunc
868 4634 1168 4715 princeps
1216 4629 1435 4694 mundi
1480 4630 1669 4694 huius
1716 4631 2007 4695 mittetur
2054 4631 2369 4695 deorsum.
2462 4632 2561 4696 32.
2613 4630 2695 4693 Et
2722 4648 2858 4711 ege,
2906 4631 2959 4694 si

356 4735 681 4802 exaltatus
728 4756 837 4803 ero
884 4759 921 4802 a
966 4741 1159 4821 terra,
1214 4736 1422 4802 omnia
1466 4734 1713 4799 traham
1764 4733 1842 4797 ad
1894 4752 2010 4798 me.
2103 4735 2205 4800 33.
2259 4731 2396 4799 Hoc
2442 4738 2656 4798 autem
2708 4733 2958 4798 dicebat

356 4837 745 4920 significans,
803 4859 925 4923 qua
972 4846 1174 4906 morte
1219 4844 1391 4908 esset
1436 4839 1806 4904 moriturus.
1871 4836 1971 4902 34.
2024 4836 2378 4919 Respondit
2424 4837 2480 4902 ei
2529 4834 2748 4902 turba:
2825 4836 2957 4903 Nos
