3484 5617
963 1785 1415 1874 (Euangelium
1479 1787 1840 1856 secundum
1910 1786 2254 1870 Marcum.)

505 1995 560 2064 1.
608 1999 669 2062 1.
742 1998 1002 2063 Initium
1072 1999 1415 2080 Euanyelii
1487 2001 1645 2064 Jesu
1707 1997 1950 2064 Christi
2003 1998 2154 2077 filii
2213 1999 2330 2073 dei,
2396 1999 2559 2064 siout
2602 2002 2909 2084 scriptum

294 2109 391 2166 est
437 2104 505 2165 in
556 2103 746 2167 Esaia
803 2104 1155 2187 propheta:
1232 2107 1291 2167 2.
1350 2105 1510 2168 Ecce
1582 2104 1762 2168 mitto
1831 2103 2123 2185 anysium
2188 2124 2392 2170 meum
2461 2110 2607 2170 am‘e
2659 2108 2909 2185 faciem

292 2212 495 2292 tuam,
569 2209 676 2289 qui
731 2209 1166 2291 praeparauit
1238 2209 1415 2273 uiam
1488 2213 1690 2275 tuam;
1778 2212 1844 2275 3.
1925 2210 2060 2273 on
2126 2209 2466 2274 clamantis
2509 2211 2580 2275 in
2626 2212 2902 2277 deserto:

282 2316 527 2394 parate
596 2311 775 2376 uiam
850 2313 1104 2392 domini,
1181 2318 1391 2383 rectas
1444 2314 1655 2391 facite
1720 2315 1982 2378 semitas
2042 2314 2144 2378 dei
2187 2313 2391 2378 nostri
2418 2338 2442 2396 ;
2512 2317 2575 2379 4.
2608 2315 2752 2394 fuit
2796 2314 2907 2379 Jo-

289 2416 539 2479 hannes
612 2417 682 2480 in
755 2418 996 2481 deserto
1062 2417 1396 2500 baptizans
1463 2423 1520 2481 et
1579 2418 1973 2500 praedicans
2038 2418 2421 2500 baptismum
2473 2421 2909 2500 paenitentiae

290 2521 366 2583 in
431 2521 859 2585 remissionem
924 2527 1345 2604 peccatorum.
1425 2526 1486 2589 5.
1559 2525 1646 2585 Et
1713 2522 2193 2604 effodiebantur
2276 2523 2363 2586 ad
2440 2523 2622 2587 illum
2704 2524 2906 2589 omnis

288 2624 550 2690 Judaea
615 2627 785 2708 reyio
853 2628 912 2690 et
979 2626 1503 2707 Hierosolymitae
1581 2626 1870 2689 uniuersi
1944 2630 2003 2689 et
2077 2627 2485 2708 baptizantur
2554 2627 2637 2691 ab
2703 2648 2769 2691 eo
2838 2630 2907 2693 in

291 2730 629 2794 dor-danen
673 2729 1033 2811 confitentes
1067 2735 1333 2811 peccata
1378 2750 1513 2794 sua.
1589 2733 1646 2797 6.
1695 2732 1784 2795 Et
1829 2736 1966 2795 erat
2027 2730 2353 2797 Johannes
2415 2733 2689 2798 uestitus
2738 2734 2901 2816 pilos

299 2835 569 2914 camelli,
620 2840 684 2899 et
732 2835 1021 2901 lucustas
1067 2840 1134 2901 et
1176 2836 1301 2900 mel
1351 2837 1648 2901 siluestre
1699 2836 1950 2901 edebat.
2019 2835 2141 2900 Hic
2186 2836 2602 2917 praedicabat
2648 2836 2896 2903 dicens:

297 2941 357 3003 7.
406 2939 716 3016 Quoniam
764 2941 941 3004 uenit
984 2939 1212 3006 fortior
1259 2946 1401 3021 post
1449 2960 1566 3020 me,
1617 2941 1798 3005 cuius
1837 2959 1963 3005 non
1996 2958 2134 3005 sum
2183 2941 2412 3020 dignus
2459 2940 2709 3005 soluere
2760 2961 2898 3008 cor-

292 3044 523 3124 rigiam
549 3043 1103 3110 calciamentorum
1133 3045 1290 3109 eius,
1323 3046 1379 3110 8.
1410 3044 1545 3127 Ego
1571 3046 1824 3126 baptizo
1842 3062 1959 3110 uos
1988 3046 2052 3109 in
2078 3063 2277 3125 aqua3
2322 3044 2439 3110 ille
2462 3050 2676 3110 autem
2700 3031 2918 3128 bapti-³

293 3149 469 3212 zauit
496 3150 729 3231 spiritu
755 3152 995 3215 sancto,
1022 3151 1086 3214 9.
1111 3151 1198 3214 Et
1220 3149 1458 3215 factum
1482 3152 1672 3215 estin
1702 3150 1926 3215 diebus
1953 3149 2101 3229 illis,
2134 3150 2312 3215 uenit
2336 3149 2376 3213 J
2381 3168 2529 3215 esus
2555 3169 2594 3214 a
2618 3150 2678 3214 N
2681 3156 2903 3215 azaret

296 3251 647 3334 Galilaeae,
666 3257 732 3318 et
749 3254 1110 3336 baptizatus
1136 3258 1235 3318 est
1258 3255 1323 3318 in
1349 3254 1391 3318 J
1395 3255 1676 3320 ordanen
1701 3254 1780 3318 ab
1800 3254 1841 3319 J
1844 3254 2149 3320 ohannen.
2185 3255 2280 3320 10.
2300 3254 2668 3320 Ascendens
2688 3260 2898 3322 autem

294 3359 375 3421 de
420 3377 584 3438 aqua
652 3359 819 3424 uidit
865 3365 1123 3441 apertos
1188 3358 1398 3425 caelos
1425 3364 1491 3423 et
1525 3361 1819 3441 spiritum
1866 3365 2188 3440 tamquam
2236 3358 2588 3424 columbam
2637 3362 2898 3426 descen-

292 3463 548 3527 dentem
574 3467 640 3527 et
663 3469 1021 3530 manentem
1067 3465 1132 3528 in
1177 3483 1271 3528 eo.
1326 3468 1424 3529 ll.
1487 3465 1572 3530 Et
1603 3484 1727 3531 uox
1761 3467 1840 3531 de
1872 3465 2045 3529 caelo
2092 3464 2260 3529 facta
2304 3470 2437 3529 est:
2487 3465 2580 3530 Tu
2628 3483 2697 3530 es
2730 3462 2924 3530 filius,

291 3584 469 3631 meus
516 3567 787 3633 dilectus
834 3569 897 3633 in
944 3587 1069 3650 quo
1118 3570 1279 3633 bene
1323 3570 1565 3651 placuit
1596 3570 1773 3633 mihi.
1827 3572 1925 3634 12.
1974 3570 2061 3634 Et
2094 3570 2308 3634 statim
2345 3570 2616 3650 spiritus
2650 3570 2893 3651 expulit

288 3669 466 3735 illum
517 3673 579 3736 in
629 3673 904 3737 deserto.
1001 3674 1097 3737 13.
1149 3674 1234 3737 Et
1280 3678 1421 3737 erat
1485 3674 1547 3736 in
1597 3675 1851 3738 deserto
1897 3674 2028 3735 XL.
2081 3672 2306 3737 diebus
2353 3678 2420 3737 et
2462 3671 2896 3753 temptabatur

289 3796 326 3840 a
373 3783 642 3841 satanan
690 3781 757 3841 et
800 3783 943 3842 erat
986 3796 1127 3843 cum
1203 3776 1451 3862 bestii8‚
1531 3781 1595 3841 et
1664 3778 1878 3858 angeli
1951 3777 2401 3842 ministrabant
2447 3778 2525 3841 ei.
2623 3778 2717 3841 14.
2768 3776 2894 3841 Sed

289 3886 624 3963 postquam
668 3882 951 3948 traditus
997 3887 1098 3947 est
1145 3881 1495 3962 ‚Iohannes
1542 3883 1721 3947 uenit
1765 3881 1959 3947 Jesus
2007 3883 2073 3946 in
2122 3882 2476 3946 Galilaeam
2513 3882 2888 3961 praedicans

287 3987 690 4067 euangelium
739 3987 840 4051 dei
887 3990 954 4052 et
999 3986 1244 4053 dicens:
1327 3988 1636 4065 Quoniam
1686 3987 1948 4068 impleta
2020 3991 2168 4051 sunt
2213 3991 2506 4065 tempora
2553 3991 2617 4049 et
2664 3986 2890 4066 adpro—

289 4091 493 4172 piauit
538 4110 804 4173 regnum
852 4091 984 4170 (lei3
1066 4092 1520 4172 paenitentiam
1590 4093 1762 4172 agite
1809 4094 1875 4157 et
1921 4092 2164 4156 credite
2213 4090 2565 4172 euangelio.
2665 4093 2761 4155 16.
2808 4090 2896 4155 Et

286 4198 686 4276 praeteriens
729 4215 911 4262 secus
955 4215 1130 4260 mare
1179 4196 1509 4262 Galilaeae
1553 4197 1719 4262 uidit
1763 4195 2080 4262 Simonem
2128 4201 2193 4260 et
2237 4195 2575 4271 Andream,
2624 4193 2886 4259 fratrem

283 4299 422 4365 eius
466 4302 794 4367 mittentes
839 4301 1001 4366 retia
1049 4301 1112 4364 in
1158 4319 1331 4365 mare
1379 4302 1591 4384 (erant
1636 4301 1804 4365 enim
1851 4300 2253 4383 piscatores).
2338 4302 2437 4365 17.
2487 4300 2573 4363 Et
2619 4300 2711 4363 ait
2760 4297 2889 4363 illis

285 4402 511 4470 Jesus:
579 4405 812 4470 Uenite
861 4410 1005 4486 post
1052 4424 1168 4483 me,
1232 4410 1298 4470 et
1343 4404 1577 4471 faciam
1648 4424 1764 4471 uos
1810 4406 2165 4487 piscatores
2211 4404 2554 4468 hominum.
2656 4405 2753 4469 18.
2805 4404 2892 4467 Et

285 4510 616 4576 confestim
683 4510 929 4576 relictis
991 4508 1283 4575 omnibus
1354 4512 1558 4575 secuti
1605 4514 1757 4577 sunt
1818 4510 2019 4575 illum.
2072 4511 2169 4574 19.
2222 4510 2309 4574 Et
2358 4526 2727 4589 progressus
2772 4526 2886 4588 pu-

283 4614 495 4680 sillum
543 4616 707 4681 uidit
749 4614 1059 4681 Jacobum
1105 4614 1422 4679 Zebedaei
1472 4619 1535 4678 et
1579 4614 1919 4678 Johannen
1967 4613 2231 4677 fratrem
2277 4614 2437 4697 eim,
2487 4618 2554 4678 et
2599 4613 2773 4693 ipsos
2822 4611 2899 4674 i'n'

282 4721 582 4789 nauicula
649 4727 1078 4802 conponentes
1144 4720 1329 4799 retia,
1393 4721 1496 4785 20.
1545 4723 1612 4784 et
1658 4719 1913 4783 uocauit
1958 4737 2088 4783 eos.
2151 4718 2253 4782 Ad
2297 4717 2392 4783 illi
2439 4717 2661 4782 relicto
2710 4721 2890 4798 patre

282 4830 430 4891 tsuo
477 4811 811 4890 Zebedaeo
859 4844 1000 4890 cum
1050 4826 1504 4891 mercennariis
1551 4823 1754 4889 secuti
1802 4828 1952 4889 sunt
1999 4842 2161 4889 eum.
2221 4824 2324 4889 21.
2373 4821 2459 4887 Et
2505 4822 2892 4886 introierunt
