3484 5617
521 478 648 544 100
1301 472 1664 542 Euangelium
1702 472 2005 528 seeundum
2043 473 2343 527 Lucanum.
2939 475 2998 529 C.
3041 481 3120 529 11.

522 688 661 752 dico
706 686 923 752 uobis:
987 686 1348 767 requiretur
1392 685 1472 751 ab
1518 685 1638 751 hac
1697 685 2128 768 generatione.
2222 688 2325 754 52.
2377 685 2516 753 Uae
2563 689 2744 754 uobis
2788 689 3122 770 legisperi-

518 792 625 870 tis,
675 790 824 873 quia
869 789 1259 857 absconditis
1305 792 1546 857 clauem
1595 790 1922 871 scientiae,
1970 797 2037 857 et
2081 791 2205 876 ipsi
2253 811 2378 858 non
2422 792 2701 860 introitis
2746 799 2815 859 et
2857 812 2968 860 eos
3011 796 3124 876 qui

521 897 887 976 introibant,
938 895 1384 977 prohibuistis.
1446 897 1550 963 53.
1602 896 1761 962 Cum
1810 897 1891 961 ad
1939 897 2082 963 illos
2146 897 2388 963 diceret
2446 916 2658 963 coram
2705 899 2873 962 omni
2918 898 3126 983 plebe,

523 1006 873 1084 coeperunt
918 1001 1246 1068 Pharisaei
1279 1007 1346 1081 et
1387 1002 1745 1086 legisperiti
1793 1002 1957 1069 male
2001 1002 2239 1068 habere
2294 1007 2360 1069 et
2392 1003 2782 1069 committere
2827 1022 2968 1068 cum
3016 1003 3126 1068 illo

521 1107 627 1173 54.
676 1109 1056 1189 quaerentes
1129 1108 1206 1172 de
1274 1107 1496 1173 multis
1543 1109 1984 1174 occansionem
2033 1107 2309 1191 aliquam
2379 1109 2667 1174 inuenire
2736 1108 2815 1173 de
2873 1107 2983 1174 illo
3052 1113 3128 1174 ut

523 1224 668 1278 eum
715 1216 1108 1277 accusarent.

731 1419 901 1488 xn.
954 1423 1008 1486 1.
1058 1420 1285 1486 Multis
1331 1424 1543 1487 autem
1593 1421 1796 1486 turbis
1857 1422 2438 1505 circumstantibuS,
2487 1424 2577 1489 ita
2610 1426 2682 1487 ut
2729 1441 2799 1487 se
2843 1423 3120 1487 inuicem

524 1527 989 1605 conculcarent,
1058 1527 1150 1591 ita
1197 1526 1408 1607 coepit
1456 1527 1669 1591 dicere
1738 1527 1818 1591 ad
1880 1527 2227 1608 discipulos
2276 1545 2457 1594 suos:
2550 1528 2884 1593 Attendite
2928 1526 3112 1592 uobis

527 1651 563 1696 a
594 1631 906 1698 fermento
942 1632 1455 1714 Pharisaeorum,
1505 1650 1667 1713 quae
1698 1637 1799 1696 est
1831 1631 2205 1715 hypocrisis,
2255 1636 2313 1699 2.
2363 1631 2537 1698 Nihil
2584 1636 2797 1698 autem
2830 1636 3116 1714 opertum

525 1742 644 1816 est,
691 1737 859 1820 quod
920 1756 1045 1802 non
1091 1736 1436 1815 reueletur,
1482 1755 1690 1818 neque
1751 1737 2087 1816 occultum,
2135 1738 2307 1820 quod
2350 1757 2474 1804 non
2522 1738 2780 1804 sciatur.
2848 1739 2907 1803 3.
2956 1737 3123 1814 Quo-

528 1843 697 1909 niam
744 1860 908 1924 quae
953 1842 1018 1907 in
1066 1839 1347 1907 tenebris
1419 1842 1692 1920 dixistis„
1764 1841 1831 1905 in
1875 1842 2112 1907 lumine
2160 1842 2472 1926 dicentur,
2534 1848 2599 1908 et
2646 1841 2817 1924 quod
2863 1841 2927 1906 in
2971 1858 3127 1905 aure

527 1949 725 2014 locuti
769 1948 948 2021 estis,
997 1945 1477 2031 praedicabitur
1523 1965 1718 2031 super
1764 1950 1953 2026 tecta,
2001 1966 2118 2012 nec
2165 1966 2289 2012 non
2336 1953 2402 2012 et
2445 1948 2511 2011 in
2559 1948 2810 2030 plateis.
2857 1948 2918 2011 4.
2965 1946 3125 2011 Dico

525 2057 741 2119 autem
781 2052 968 2118 uobis
1033 2053 1253 2117 amicis
1299 2053 1497 2118 meis:
1565 2052 1784 2117 uidete
1826 2071 1907 2118 ne
1952 2053 2324 2118 terreamini
2373 2053 2453 2118 ab
2498 2052 2620 2132 his,
2668 2053 2775 2135 qui
2824 2050 3124 2117 occidunt
3246 2059 3252 2064 ’

530 2177 780 2240 corpuS,
827 2162 894 2223 et
941 2162 1085 2238 post
1127 2156 1286 2222 haec
1330 2176 1457 2221 non
1501 2156 1739 2222 habent
1787 2157 2059 2238 amplius
2107 2158 2278 2238 quod
2321 2156 2576 2223 faciant.
2668 2159 2727 2224 5.
2777 2156 3128 2223 Ostendam

532 2268 744 2329 autem
790 2262 991 2343 uobis,
1037 2281 1223 2343 quem
1268 2262 1583 2328 timeatis:
1630 2262 1852 2328 timete
1899 2280 2042 2327 eum
2091 2260 2201 2343 qui
2248 2267 2586 2345 postquam
2634 2260 2888 2341 occidit,
2935 2262 3131 2326 habet

532 2370 912 2449 potestatem
961 2367 1213 2432 mittere
1259 2367 1323 2430 in
1371 2366 1746 2446 gehennam.
1794 2367 2007 2433 Etiam
2057 2367 2197 2432 dico
2248 2368 2472 2433 uobis:
2522 2367 2691 2432 hunc
2734 2368 2978 2432 timete.
3070 2370 3133 2433 6.

526 2455 751 2538 Nonne
798 2471 923 2536 duo
968 2489 1260 2553 passeres
1328 2487 1472 2535 asse
1518 2471 1832 2535 ueniunt?
1900 2477 1966 2536 et
2013 2492 2208 2537 unum
2254 2491 2334 2537 ex
2381 2472 2513 2537 illis
2584 2491 2707 2538 uon
2769 2471 2946 2536 cadit
2990 2470 3129 2536 sine

528 2577 859 2642 uoluntate
905 2576 1028 2641 dei.
1121 2578 1177 2641 7.
1226 2574 1353 2641 Sed
1398 2581 1464 2640 et
1508 2575 1722 2656 capilli
1772 2575 2000 2658 capitis
2058 2578 2260 2642 uestri
2328 2596 2547 2643 omnes
2595 2578 2909 2642 numerati
2960 2579 3128 2641 sunt.

530 2680 747 2748 Nolite
790 2683 1048 2761 timere3
1097 2681 1314 2746 multis
1360 2681 1732 2762 passeribus
1780 2681 2000 2764 plures
2047 2683 2223 2748 estis.
2316 2684 2374 2748 8.
2425 2683 2587 2748 Dico
2656 2681 2840 2748 uobis
2887 2700 3128 2759 omnes,

530 2788 910 2870 quicumque
976 2806 1076 2857 me
1148 2786 1474 2852 confessus
1540 2783 1739 2851 fuerit
1808 2805 2018 2852 coram
2089 2787 2466 2867 hominibus,
2530 2790 2595 2852 et
2639 2785 2812 2853 filius
2856 2785 3131 2851 hominis

534 2890 937 2959 confitebitur
982 2892 1162 2958 illum
1209 2911 1422 2958 coram
1469 2892 1719 2975 angelis
1768 2892 1907 2971 dei3
1976 2894 2037 2958 9.
2088 2894 2194 2974 qui
2241 2894 2454 2958 autem
2503 2892 2837 2975 negauerit
2881 2909 2981 2955 me
3027 2908 3127 2956 co·

533 3017 670 3063 ram
716 2997 1100 3075 hominibus,
1148 2997 1392 3080 negabo
1457 3002 1521 3062 et
1567 3016 1711 3062 eum
1761 3015 1972 3062 coram
2035 3001 2219 3078 patre
2281 3016 2439 3078 meo,
2502 2987 2616 3079 qul
2659 3001 2761 3062 est
2804 2997 2870 3060 in
2916 2995 3129 3062 caelis,

538 3106 636 3169 10.
684 3102 772 3167 Et
816 3103 1017 3168 omnis
1065 3103 1173 3183 qui
1222 3102 1380 3168 dicit
1427 3102 1693 3167 uerbum
1754 3103 1819 3166 in
1864 3099 2065 3167 filium
2111 3101 2403 3182 hominiS,
2464 3103 2828 3168 remittetur
2873 3102 2972 3180 ei;
3023 3099 3133 3183 qui

535 3213 749 3272 autem
795 3208 860 3271 in
920 3207 1151 3289 spiritu
1214 3211 1435 3272 sancto
1502 3256 1515 3270 .
1566 3258 1580 3271 .
1632 3257 1646 3270 .
1698 3257 1711 3271 .
1761 3225 1886 3271 non
1949 3208 2313 3272 remittetur
2372 3207 2451 3273 ei.
2548 3209 2645 3275 11.
2695 3204 2855 3272 Cum
2918 3209 3130 3271 autem

537 3311 772 3377 ducent
815 3330 931 3376 uos
979 3312 1044 3375 in
1105 3311 1447 3394 synagogis
1507 3317 1573 3376 et
1632 3312 1712 3376 ad
1761 3313 2174 3394 magistratus
2222 3317 2286 3377 et
2331 3315 2700 3395 potestates,
2763 3312 2961 3377 nolite
3009 3310 3125 3374 sol·

545 3416 714 3481 liciti‘
753 3431 916 3496 esse,
962 3415 1240 3499 qualiter
1284 3416 1731 3499 respondeatis
1782 3423 1893 3481 aut
1938 3416 2195 3484 dicatis,
2268 3419 2364 3482 12.
2414 3415 2691 3500 Spiritus
2737 3416 2903 3481 enim
2952 3434 3134 3481 sanc-

542 3527 645 3588 tus
713 3521 963 3588 docebit
1029 3540 1146 3587 uos
1208 3522 1275 3588 in
1342 3523 1480 3604 ipsa
1555 3523 1734 3603 hora,
1811 3541 1975 3604 quae
2065 3527 2360 3606 oporteat
2421 3523 2652 3589 dicere.
2751 3523 2846 3588 13.
2911 3521 2998 3586 Et
3044 3520 3134 3585 ait

538 3629 798 3711 quidam
847 3628 1177 3693 deturba:
1226 3627 1555 3710 Magister,
1606 3627 1708 3693 dic
1752 3627 1942 3692 fratri
1973 3647 2132 3707 meo,
2180 3632 2255 3693 ut
2301 3628 2550 3695 diuidat
2596 3646 2838 3693 mecum
2884 3626 3133 3691 heredi·

538 3739 752 3802 tatem.
805 3736 902 3799 14.
951 3734 1051 3799 Ad
1098 3734 1207 3800 ille
1254 3734 1416 3800 dixit
1462 3734 1554 3800 ei:
1622 3732 1676 3799 Ο
1723 3733 1930 3816 homo,
1981 3734 2125 3815 quis
2173 3752 2272 3798 me
2320 3733 2652 3799 constituit
2696 3730 2970 3799 iudicem
3019 3736 3135 3796 aut

539 3841 1045 3922 dispensatorem
1092 3858 1288 3920 super
1335 3839 1497 3904 uos‘?
1573 3837 1667 3905 15.
1717 3839 1902 3903 Dixit
1944 3842 2156 3904 autem
2205 3838 2285 3904 ad
2334 3857 2470 3904 eos:
2518 3837 2752 3903 Uidete
2800 3840 2867 3902 et
2910 3840 3138 3902 cauete

542 3946 620 4010 ab
669 3933 841 4035 omni
886 3944 1178 4027 auaritia,
1229 3944 1379 4026 quia
1425 3963 1545 4009 non
1596 3945 1660 4009 in
1709 3943 2099 4010 abundantia
2147 3944 2516 4026 cuiusquam
2547 3944 2684 4009 uita
2728 3943 2867 4007 eius
2912 3946 3015 4008 est
3055 3960 3136 4007 ex

538 4050 660 4130 his,
708 4068 871 4131 quae
940 4048 1241 4129 possidet.
1321 4052 1414 4115 16.
1462 4049 1643 4114 Dixit
1712 4053 1924 4114 autem
1991 4050 2472 4115 similitudinem
2542 4049 2622 4114 ad
2683 4048 2829 4114 illos
2877 4046 3133 4114 dicens:

539 4152 832 4219 Hominis
881 4151 1204 4218 cuiusdam
1254 4151 1476 4219 diuitis
1531 4152 1765 4222 uberes
1825 4153 2069 4220 fructus
2115 4154 2335 4219 attulit
2379 4154 2720 4236 possessio.
2780 4153 2872 4218 17.
2917 4157 2984 4218 et
3029 4171 3132 4218 co-

541 4258 773 4340 gitauit
815 4258 983 4323 intra
1029 4275 1098 4322 se
1146 4258 1401 4325 dicens:
1448 4259 1597 4341 quid
1649 4257 1880 4350 faciam
1925 4259 2094 4342 quod
2139 4278 2264 4324 non
2310 4259 2535 4343 habeo,
2585 4277 2709 4340 quo
2757 4276 3133 4341 congregem

540 4362 785 4428 fructus
830 4362 1050 4427 meos?
1097 4364 1195 4429 18.
1245 4356 1540 4429 Et'dixit
1587 4413 1600 4429 .
1655 4414 1668 4428 .
1718 4414 1731 4428 .
1782 4416 1795 4430 .
1843 4364 2169 4429 destruam
2214 4363 2445 4428 horrea
2474 4381 2615 4427 mea
2662 4368 2728 4429 et
2757 4364 2997 4430 maiora
3040 4361 3136 4427 fa-

542 4468 726 4544 ciam,
771 4471 838 4532 et
883 4466 1037 4532 illuc
1084 4469 1522 4550 congraegabo
1570 4470 1782 4534 omnia
1845 4488 2008 4551 quae
2054 4472 2204 4533 nata
2248 4471 2400 4534 sunt
2442 4467 2615 4534 mihi.
2670 4471 2769 4535 19.
2818 4472 2884 4535 et
2930 4468 3136 4534 dicam

542 4573 793 4639 animae
861 4581 1074 4639 meae:
1169 4571 1386 4639 Habes
1432 4562 1654 4639 'multa
1700 4575 1883 4654 bona,
1954 4573 2274 4656 aepulare.
2366 4574 2469 4639 20.
2518 4574 2698 4638 Dixit
2766 4579 2977 4640 autem
3044 4571 3140 4636 illi

547 4676 741 4743 deus:
791 4675 1019 4760 Stulte,
1066 4676 1187 4742 hac
1232 4681 1417 4741 nocte
1466 4677 1741 4741 animam
1784 4682 1956 4745 tuam
2004 4681 2305 4759 repetunt
2366 4696 2404 4742 a
2445 4682 2510 4743 te
2560 4729 2572 4743 .
2608 4729 2623 4745 .
2660 4729 2674 4743 .
2711 4728 2723 4742 .
2772 4684 2985 4744 autem
3021 4725 3036 4739 .
3073 4727 3085 4741 .
3121 4724 3139 4741 .

543 4781 596 4847 ti
643 4781 824 4846 cuius
868 4781 1107 4847 erunt?
1152 4784 1255 4848 22.
1305 4780 1486 4848 Dixit
1531 4787 1740 4849 autem
1789 4784 1870 4848 ad
1917 4781 2268 4865 discipulos
2313 4800 2498 4848 suos:
2569 4788 2911 4865 propterea
2956 4782 3140 4849 uobis
