3484 5617
363 499 421 556 O.
459 504 509 556 8.
1142 497 1504 568 Euangelium
1542 497 1846 553 secundum
1882 501 2181 555 Lucanum.
2877 505 2956 570 91

362 713 557 795 cipuli
605 732 744 776 cum
796 713 923 776 illo.
974 716 1032 776 2.
1082 711 1169 775 Et
1212 711 1530 788 mulieres,
1579 729 1745 791 quae
1791 717 1976 774 erant
2024 716 2284 776 curatae
2330 714 2409 776 ab
2464 712 2802 795 spiritibus
2849 714 2963 778 im-

361 816 617 881 mundis
663 822 730 881 et
780 814 1293 880 infirmitatibus:
1346 815 1570 894 Maria,
1620 835 1786 897 quae
1834 825 2099 881 uocatur
2141 817 2541 897 Magdalene‚
2590 837 2628 881 a
2660 837 2783 898 quo
2817 819 2963 883 dae-

360 923 572 986 monia
622 921 766 987 VII.
801 921 1104 1000 exierant,
1156 923 1214 985 3.
1248 925 1315 985 et
1343 919 1654 999 Johanna,
1688 939 1848 984 uxor
1890 919 2161 1000 Chusae‚
2195 924 2631 1002 procuratoris
2667 921 2961 1006 HerodiS‚

361 1033 427 1090 et
477 1024 766 1091 Susanna
810 1031 878 1090 et
925 1025 1088 1088 aliae
1133 1024 1392 1102 multae,
1464 1043 1625 1105 quae
1673 1025 2118 1089 ministrabant
2159 1028 2222 1089 ei
2254 1026 2332 1090 de
2364 1025 2775 1092 facultatibus
2807 1027 2961 1094 61116.

362 1133 421 1193 4.
471 1127 628 1194 Cum
689 1148 845 1212 ergo
910 1130 1097 1193 turba
1161 1129 1568 1193 conuenisset
1636 1133 1700 1193 et
1759 1129 1837 1194 de
1898 1129 2269 1194 ciuitatibus
2330 1132 2729 1210 aduenit-ent,
2800 1132 2962 1198 dixit-

366 1235 845 1299 similitudinem
908 1234 989 1298 ad
1050 1234 1194 1297 illos
1253 1234 1472 1296 talem:
1543 1232 1605 1296 5.
1675 1232 1844 1297 Ecce
1914 1234 2070 1297 exiit
2139 1235 2245 1314 qui
2310 1236 2584 1299 seminat
2644 1237 2961 1301 seminare

368 1357 580 1403 semen
616 1357 831 1416 suum3
881 1347 948 1403 et
986 1339 1133 1402 dum
1180 1337 1473 1413 seminat,
1510 1335 1671 1400 aliut
1711 1336 1944 1401 cecidit
1971 1355 2157 1402 secus
2190 1340 2379 1413 uiam,
2426 1345 2490 1402 et
2523 1340 2956 1405 conculcatum

367 1448 466 1507 est
507 1449 571 1506 et
613 1442 912 1506 uolucres
976 1442 1136 1505 illud
1183 1442 1624 1507 comederunt:
1704 1444 1762 1507 6.
1812 1441 1901 1504 Et
1945 1441 2119 1504 aliud
2183 1444 2414 1527 cecidit
2460 1461 2654 1523 supra
2696 1449 2954 1528 terram,

362 1553 427 1609 et
471 1550 689 1611 natum
738 1547 928 1623 aruit,
978 1547 1128 1627 quia
1175 1565 1299 1610 non
1349 1544 1624 1610 habebat
1669 1546 2018 1610 humorem.
2072 1548 2127 1610 7.
2175 1547 2262 1610 Et
2307 1548 2467 1611 aliut
2512 1548 2742 1612 cecidit
2788 1550 2954 1614 inter

359 1652 596 1733 spinas,
647 1657 716 1716 et
759 1651 948 1715 simul
995 1652 1304 1716 exhortae
1351 1652 1575 1731 spinae
1623 1650 2105 1717 suffocauerunt
2163 1651 2323 1715 illut.
2395 1655 2453 1718 8.
2502 1652 2592 1715 Et
2635 1653 2806 1718 aliud
2854 1673 2953 1718 ce·

359 1756 512 1820 cidit
561 1757 624 1820 in
673 1761 911 1819 terram
945 1756 1171 1820 bonam
1220 1763 1283 1819 et
1331 1761 1545 1819 natum
1595 1755 1752 1820 fecit
1791 1755 2064 1820 fructum
2099 1757 2481 1837 centuplum.
2537 1755 2706 1823 Haec
2736 1759 2955 1824 dicens

358 1860 707 1925 clamabat:
758 1859 881 1937 Qui
919 1860 1115 1924 habet
1148 1875 1338 1923 aures
1372 1859 1695 1936 audiendi,
1745 1859 1986 1924 audiat.
2036 1860 2095 1925 9.
2144 1854 2712 1943 Inter-rogauerunt
2742 1868 2955 1927 autem

357 1983 501 2028 eum
548 1964 867 2045 discipuli,
917 1983 1078 2044 quae
1112 1965 1285 2028 esset
1316 1963 1474 2026 haec
1506 1963 1857 2045 parabola?
1910 1967 2002 2029 10.
2055 1964 2302 2040 Quibus
2343 1965 2480 2047 ipse
2512 1966 2704 2031 dixit:
2753 1966 2955 2032 Uobis

355 2068 575 2133 datum
625 2072 726 2133 est
769 2087 960 2133 nosse
1010 2069 1376 2150 mysterium
1426 2070 1611 2148 regni
1658 2069 1797 2145 dei;
1854 2068 2084 2133 ceteris
2128 2074 2337 2135 autem
2386 2072 2451 2134 in
2497 2071 2819 2151 parabolis
2863 2072 2952 2136 lo·

356 2190 539 2255 quor,
586 2178 658 2235 ut
704 2173 998 2237 uidentes
1045 2193 1169 2237 non
1215 2174 1500 2252 uideant,
1550 2182 1614 2237 et
1659 2174 1997 2238 audientes
2045 2193 2168 2237 non
2217 2175 2611 2255 intellegant.
2689 2179 2786 2240 ll.
2837 2175 2955 2241 Est

356 2282 566 2341 autem
633 2277 788 2342 haec
846 2278 1155 2358 parabola
1217 2277 1401 2341 talis:
1470 2278 1695 2342 Semen
1762 2286 1861 2342 est
1910 2280 2169 2342 uerbum
2220 2280 2358 2358 dei3
2448 2282 2535 2343 12.
2583 2283 2689 2362 qui
2737 2287 2950 2346 autem

355 2398 538 2446 secus
598 2383 767 2445 uiam
828 2382 1122 2446 seminati
1183 2385 1353 2460 suut,
1400 2380 1466 2445 hi
1531 2389 1700 2460 sunt,
1765 2383 1875 2462 qni
1944 2384 2212 2447 audiunt
2264 2383 2532 2448 uerbum
2590 2385 2724 2462 dei3
2773 2389 2952 2451 uenit

354 2492 565 2549 autem
612 2487 906 2551 diabolus
953 2493 1018 2550 et
1040 2487 1210 2550 tollit
1244 2538 1254 2550 .
1292 2537 1305 2552 .
1342 2537 1355 2552 .
1406 2487 1484 2551 de
1530 2486 1781 2552 illorum
1816 2535 1829 2549 .
1868 2535 1885 2552 .
1923 2540 1933 2552 .
1987 2487 2268 2565 uerbum,
2305 2507 2383 2552 ne
2416 2491 2745 2554 credentes
2782 2490 2945 2556 salui

356 2588 526 2656 fiant.
578 2595 677 2656 13.
725 2590 889 2655 Nam
936 2592 1044 2672 qui
1093 2610 1286 2672 supra
1334 2599 1599 2671 petram„
1646 2592 1710 2654 hi
1762 2599 1930 2670 sunt,
1980 2594 2089 2673 qui
2135 2612 2274 2656 cum
2314 2593 2635 2658 audierint
2667 2594 2952 2676 uerbum,

358 2713 492 2758 cum
539 2695 774 2777 gaudio
820 2697 1142 2778 recipiunt
1189 2696 1369 2773 illud,
1420 2701 1488 2760 et
1530 2697 1596 2761 hi
1645 2696 1895 2761 radices
1941 2715 2062 2760 non
2097 2697 2351 2775 habent,
2402 2700 2557 2777 quia
2588 2699 2668 2763 ad
2701 2706 2952 2781 tempus

358 2800 641 2876 credunt,
674 2807 742 2865 et
788 2800 850 2863 in
881 2806 1167 2882 tempore
1197 2801 1637 2881 temptationis
1670 2802 1995 2866 recedunt.
2051 2804 2146 2865 14.
2196 2798 2376 2876 Quod
2410 2808 2620 2866 autem
2653 2805 2716 2866 in
2750 2805 2952 2885 spinis

355 2904 605 2987 cecidit,
656 2905 720 2968 111
766 2912 933 2983 sunt,
982 2907 1092 2985 qui
1140 2906 1411 2970 audiunt
1458 2910 1523 2969 et
1567 2925 1604 2968 a
1644 2906 2159 2971 solicitudinibus
2192 2911 2257 2970 et
2289 2906 2535 2971 diuitiis
2567 2911 2633 2971 et
2662 2908 2952 2989 uolupta-

356 3009 527 3072 tibus
572 3010 744 3074 uitae
798 3015 1043 3088 eunte8‚
1107 3011 1296 3075 simul
1358 3009 1760 3074 suffocantur
1819 3015 1883 3073 et
1946 3029 2067 3076 non
2131 3010 2420 3075 referunt
2482 3010 2777 3077 fructum.
2848 3016 2948 3080 15.

361 3111 539 3187 Quod
586 3118 790 3177 autem
840 3116 906 3179 in
956 3115 1177 3179 bonam
1226 3119 1483 3193 terram,
1547 3113 1610 3178 hi
1661 3120 1828 3192 sunt,
1870 3117 1980 3197 qui
2028 3117 2094 3179 in
2157 3116 2346 3180 corde
2396 3117 2559 3181 bono
2615 3117 2951 3182 audientes

359 3218 615 3281 uerbum
665 3220 967 3300 retinent,
1016 3225 1081 3284 et
1126 3219 1400 3284 fructum
1433 3217 1726 3283 adferent
1760 3238 1875 3301 per
1907 3220 2298 3302 patientiam.
2350 3223 2448 3286 16.
2500 3220 2703 3285 Nemo
2736 3227 2950 3286 autem

354 3315 651 3388 ac‘cendit
695 3324 1017 3388 lucernam
1066 3331 1131 3387 et
1175 3326 1358 3405 ponit
1403 3324 1521 3387 sub
1570 3325 1801 3396 modio,
1850 3327 1963 3390 sed
2013 3345 2204 3406 supra
2254 3325 2701 3392 candelabrum
2753 3328 2947 3408 ponit,

351 3430 424 3491 ut
466 3429 781 3494 intrantes
845 3429 1108 3493 uideant
1170 3429 1398 3492 lumen.
1481 3432 1574 3493 17.
1626 3428 1766 3492 Non
1815 3430 1979 3494 enim
2044 3434 2143 3494 est
2206 3431 2544 3514 occultum,
2607 3431 2775 3511 quod
2825 3452 2950 3497 non

350 3532 810 3611 manifestetur,
859 3538 924 3596 et
971 3552 1087 3597 nec
1122 3532 1524 3610 absconsum,
1588 3533 1711 3597 nisi
1762 3537 2183 3615 cognoscatur
2229 3539 2296 3596 et
2341 3534 2405 3597 in
2453 3535 2662 3616 palam
2709 3538 2947 3600 ueniat.

354 3638 451 3701 18.
501 3636 756 3716 Uidete‚
821 3639 1134 3719 quomodo
1183 3638 1509 3703 audiatis?
1573 3639 1695 3714 Qui
1742 3639 1909 3702 enim
1957 3637 2171 3717 habet,
2221 3638 2477 3702 dabitur
2524 3639 2640 3717 illi,
2698 3644 2764 3703 et
2811 3643 2948 3720 qui-

350 3760 621 3822 cumque
667 3761 795 3807 non
825 3743 1038 3820 habet,
1088 3744 1277 3807 etiam
1325 3743 1494 3824 quod
1530 3746 1710 3823 putat
1758 3760 1826 3806 se
1877 3741 2128 3825 habere,
2177 3741 2503 3805 auferetur
2548 3742 2628 3805 ab
2662 3742 2796 3808 illo.
2850 3746 2946 3808 19.

349 3845 683 3912 Uenerunt
729 3851 943 3912 autem
995 3848 1074 3910 ad
1122 3847 1301 3912 illum
1349 3852 1554 3910 mater
1601 3851 1665 3910 et
1696 3846 1928 3909 fratres
1975 3848 2114 3910 eius
2161 3850 2226 3909 et
2274 3865 2395 3910 non
2443 3852 2740 3928 poterant
2768 3848 2948 3912 adire

348 3949 427 4012 ad
490 3970 633 4015 eum
699 3971 897 4033 prae.
936 4001 997 4016 ..
1046 3952 1430 4016 Nunciatum
1469 4001 1480 4013 .
1520 4001 1532 4015 .
1568 4000 1582 4014 .
1633 3958 1843 4016 autem
1906 3950 2016 4030 illi,
2117 3952 2217 4017 20.
2267 3950 2421 4032 quia
2478 3957 2683 4016 mater
2729 3957 2840 4016 tua
2882 3959 2949 4018 et

347 4054 574 4121 fratres
621 4058 716 4121 tui
779 4062 953 4122 stant
1013 4056 1189 4135 foris,
1237 4058 1527 4123 uolentes
1589 4063 1652 4121 te
1701 4055 1945 4120 uidere.
2014 4057 2115 4119 21.
2168 4055 2289 4132 Qui
2342 4057 2738 4136 respondens
2787 4057 2950 4123 dixit

347 4159 428 4224 ad
472 4180 613 4228 eos:
666 4163 880 4227 Mater
924 4168 990 4226 et
1035 4162 1268 4226 fratres
1312 4163 1437 4227 mei
1487 4163 1548 4225 hi
1599 4166 1766 4240 sunt,
1815 4162 1923 4242 qui
1969 4168 2231 4226 uerbum
2278 4160 2380 4224 dei
2428 4159 2699 4224 audiunt
2744 4167 2808 4225 et
2854 4160 2946 4226 fa-

347 4267 542 4330 ciunt.
612 4270 714 4332 22.
762 4269 1025 4332 Factum
1089 4273 1188 4331 est
1231 4271 1444 4331 autem
1495 4266 1558 4330 in
1604 4284 1732 4329 una
1774 4266 2044 4341 dierum,
2092 4271 2157 4331 et
2204 4266 2340 4347 ipse
2387 4265 2679 4330 ascendit
2722 4265 2788 4330 in
2835 4285 2945 4331 na-

346 4369 642 4449 uiculam,
675 4377 740 4435 et
773 4371 1071 4454 discipuli
1102 4372 1259 4448 eiu8‚
1293 4377 1358 4435 et
1388 4371 1482 4435 ait
1513 4370 1591 4434 ad
1628 4370 1806 4434 illos:
1857 4369 2368 4435 Transfretemus
2403 4375 2579 4436 trans
2617 4379 2943 4452 stagnum;

344 4477 410 4536 et
469 4473 865 4541 leuaberuut.
935 4479 1038 4543 23.
1094 4474 1565 4557 Nauigantibus
1626 4478 1839 4538 autem
1904 4474 2034 4538 illis
2077 4476 2439 4552 obdormiit,
2506 4479 2571 4539 61
2616 4475 2948 4538 descendit

342 4579 629 4658 procella
674 4581 872 4660 uenti,
939 4587 1003 4644 et
1050 4581 1430 4662 implebatur
1477 4599 1516 4647 a
1564 4577 1858 4643 fluctibus
1917 4578 2238 4658 nauicula,
2286 4584 2351 4642 et
2394 4578 2941 4659 periclitabantur.

342 4683 447 4746 24.
495 4683 893 4751 Accedentes
938 4690 1155 4750 autem
1215 4686 1693 4750 suscitauerunt
1754 4702 1899 4746 eum
1946 4683 2262 4747 dicentes:
2328 4683 2732 4764 Praeceptor,
2803 4702 2943 4765 per-

347 4789 526 4855 imus.
572 4791 668 4855 Ad
702 4791 809 4855 ille
840 4807 1106 4873 surgens
1139 4790 1480 4873 imperauit
1525 4792 1717 4854 uento
1765 4791 1833 4852 et
1880 4787 2245 4869 tempestati
2293 4805 2496 4869 aquae
2541 4793 2609 4852 et
2652 4804 2942 4853 cessaue-
