3484 5617
300 526 356 582 0.
394 532 479 582 20.
1042 524 1407 594 Euangelium
1444 523 1747 580 secundum
1782 524 2146 580 Matthaeum.
2818 527 2899 592 27

299 735 472 816 plum
520 736 810 817 accipiet,
873 741 939 802 et
1000 737 1197 802 uitam
1260 740 1585 802 aeternam
1644 733 2020 816 possidebit.
2091 735 2195 799 30.
2247 732 2436 798 Multi
2497 738 2706 800 autem
2754 737 2901 799 sunt

301 838 484 920 primi
531 840 861 907 nobissimi
909 845 975 906 et
1017 840 1349 906 nobissimi
1400 840 1608 923 primi.

510 1047 674 1115 XX.
744 1051 798 1115 1.
863 1047 1081 1116 Simile
1145 1054 1243 1114 est
1305 1066 1569 1131 regnum
1612 1047 1931 1114 caelorum
1995 1046 2235 1113 homini
2285 1046 2751 1130 patrifamilias,
2802 1049 2908 1128 qui

277 1154 458 1218 exiit
505 1153 706 1235 primo
757 1174 940 1219 mane
972 1155 1329 1219 conducere
1362 1154 1693 1234 operarios
1727 1154 1789 1217 in
1829 1155 2076 1218 uineam
2110 1171 2307 1217 suam.
2360 1154 2417 1216 2.
2469 1148 2905 1216 Gonuentione

303 1262 516 1322 autem
583 1257 751 1323 facta
812 1278 953 1324 cum
1002 1259 1314 1340 operariis
1382 1280 1459 1324 ex
1521 1258 1780 1325 denario
1843 1258 2091 1338 diurno,
2151 1257 2326 1323 misit
2373 1275 2481 1321 eos
2543 1257 2608 1321 in
2655 1257 2904 1320 uincam

305 1382 499 1427 suam.
551 1366 610 1429 3.
664 1363 747 1430 Et
792 1382 1088 1447 egressus
1138 1366 1308 1430 circa
1355 1364 1575 1430 horam
1620 1364 1879 1428 tertiam
1924 1361 2172 1427 inuenit
2202 1360 2363 1428 alios
2394 1365 2641 1427 stantes
2674 1361 2737 1425 in
2771 1360 2906 1426 foro

303 1466 561 1549 otiosoS,
607 1470 669 1535 4.
718 1472 785 1534 et
831 1470 922 1532 ait
970 1468 1133 1534 illis:
1197 1469 1296 1534 Ite
1343 1474 1409 1533 et
1454 1487 1570 1534 uos
1632 1468 1694 1532 in
1744 1468 2018 1547 uineam,
2081 1471 2146 1532 et
2191 1467 2360 1548 quod
2415 1467 2651 1531 iustum
2695 1465 2906 1548 fuerit,

302 1571 469 1635 dabo
518 1572 727 1638 uobis,
778 1575 837 1640 5.
886 1573 991 1637 Illi
1022 1578 1236 1639 autem
1270 1573 1584 1639 abierunt.
1633 1573 1876 1638 Iterum
1924 1573 2083 1637 exiit
2111 1573 2280 1637 circa
2311 1576 2553 1637 sextam
2587 1576 2653 1635 et
2684 1589 2912 1635 nonam

302 1675 520 1740 horam
554 1682 619 1743 et
645 1676 803 1744 fecit
826 1679 1139 1744 similiter.
1176 1680 1233 1743 6.
1272 1677 1458 1743 Circa
1488 1679 1887 1744 undecimam
1921 1681 2134 1742 autem
2167 1677 2344 1755 exiit,
2380 1681 2445 1741 et
2471 1677 2713 1741 inuenit
2748 1676 2909 1740 alios

305 1785 553 1847 stantes
602 1787 669 1848 et
714 1782 872 1848 dicit
920 1783 1081 1849 illis:
1159 1782 1312 1863 quid
1363 1781 1465 1847 hic
1512 1783 1702 1848 statis
1764 1779 1899 1848 t‘ota
1962 1781 2064 1847 die
2102 1782 2354 1860 otiosi?
2424 1783 2481 1847 7.
2529 1780 2768 1845 Dicunt
2813 1779 2909 1843 ei:

306 1884 469 1962 Quia
530 1906 713 1951 nemo
778 1886 1080 1952 conduxit
1140 1905 1268 1952 nos,
1322 1887 1499 1952 Dicit
1558 1887 1728 1953 illis:
1794 1889 1893 1953 Ite
1957 1893 2022 1953 et
2068 1907 2183 1953 uos
2234 1888 2297 1952 in
2366 1887 2618 1951 uineam
2687 1903 2910 1949 meam.

304 1991 362 2055 8.
417 1988 569 2054 Cum
617 2009 761 2057 sero
822 1996 1039 2056 autem
1101 1992 1335 2057 sactum
1398 1996 1588 2070 esset,
1654 1992 1811 2057 dicit
1858 1992 2151 2057 dominus
2214 1991 2442 2056 uineae
2507 1990 2909 2071 procuratori

307 2111 457 2157 suo:
509 2093 688 2159 Uoca
734 2096 1064 2178 operarios
1109 2100 1174 2159 et
1219 2093 1415 2160 redde
1463 2095 1591 2162 illis
1637 2098 2024 2179 mercedem,
2099 2097 2412 2178 incipiens
2458 2115 2497 2160 a
2544 2094 2908 2160 nobissimis

308 2215 508 2278 usque
547 2199 626 2263 ad
677 2200 929 2281 primos.
981 2203 1036 2266 9.
1091 2200 1246 2266 Cum
1300 2201 1624 2265 uenissent
1671 2220 1823 2283 ergo
1872 2202 1981 2283 qui
2027 2202 2195 2266 circa
2244 2201 2641 2265 undecimam
2688 2202 2908 2265 horam

303 2308 633 2378 uenerant,
666 2310 1051 2386 acceperunt
1080 2305 1369 2387 singulos
1400 2305 1718 2372 denarios,
1775 2305 1872 2371 10.
1906 2305 2258 2371 Uenientes
2290 2311 2355 2370 et
2387 2305 2574 2387 primi
2611 2303 2907 2368 arbitrati

302 2411 467 2487 sunt,
539 2408 704 2489 quod
755 2410 898 2490 plus
948 2415 1164 2475 essent
1212 2412 1560 2493 accepturi,
1632 2418 2019 2495 acceperunt
2063 2416 2276 2476 autem
2340 2416 2404 2476 ct
2451 2409 2573 2490 ipsi
2621 2407 2906 2489 singulos

304 2514 618 2579 denarios,
671 2517 771 2579 11.
821 2512 908 2577 Et
955 2515 1343 2596 accipientes
1390 2521 1954 2582 murmurauerunt
2000 2517 2310 2581 aduersus
2350 2518 2596 2596 patrem
2628 2511 2906 2578 familias

308 2620 405 2681 12.
471 2618 790 2684 dicentes:
861 2620 946 2685 Hi
1009 2620 1338 2686 nobissimi
1408 2641 1533 2685 una
1597 2622 1756 2687 hora
1816 2621 2125 2705 fecerunt,
2175 2628 2240 2686 et
2290 2639 2472 2702 pares
2532 2618 2678 2685 illos
2725 2619 2908 2682 nobis

302 2718 531 2799 fecisti,
583 2724 689 2802 qui
739 2726 1139 2804 portauimus
1188 2726 1435 2806 pondus
1486 2726 1612 2790 diei
1661 2734 1726 2790 et
1774 2727 2037 2791 aestus?
2094 2728 2186 2790 13.
2239 2726 2336 2789 Ad
2370 2726 2478 2789 ille
2514 2723 2907 2806 respondens

305 2827 413 2889 uni
459 2844 680 2891 eorum
740 2829 941 2893 dixit:
1012 2831 1254 2906 Amice,
1319 2849 1441 2896 non
1508 2830 1670 2895 facio
1741 2830 1857 2894 tibi
1920 2831 2188 2910 iniuria3
2258 2849 2466 2894 nonne
2524 2835 2592 2895 et
2649 2831 2908 2895 denario

307 2933 662 2997 conuenisti
710 2934 1010 2998 mecum?
1061 2937 1160 2999 14.
1209 2934 1391 2999 Tolle
1439 2934 1610 3016 quod
1658 2938 1839 2999 tuum
1885 2940 2000 3009 est,
2050 2940 2113 3000 et
2160 2936 2357 3013 uade;
2407 2935 2552 3000 uolo
2601 2940 2810 3000 autem
2843 2939 2909 3000 et

305 3034 454 3099 huic
505 3037 848 3103 nobissimo
897 3040 1051 3104 dare
1098 3040 1265 3105 sicut
1311 3044 1393 3130 et·
1424 3039 1559 3104 tibi.
1622 3040 1714 3105 15.
1766 3040 1894 3103 Aut
1942 3059 2066 3104 non
2112 3040 2268 3104 licet
2312 3038 2465 3103 mihi
2500 3038 2707 3105 facere
2740 3039 2908 3119 quod

307 3140 503 3205 uolo?
548 3160 626 3205 an
662 3143 919 3208 occulus
951 3148 1100 3209 tuus
1136 3163 1405 3226 nequam
1439 3148 1557 3224 est,
1607 3144 1762 3225 quia
1794 3163 1913 3225 ego
1946 3145 2148 3209 bonus
2181 3145 2368 3209 sum?
2421 3147 2514 3211 16.
2566 3143 2669 3209 Sic
2717 3149 2904 3209 erunt

306 3244 633 3312 nobissimi
667 3248 851 3329 primi
889 3253 955 3314 et
987 3250 1174 3332 primi
1212 3250 1560 3316 nobissimi.
1609 3248 1803 3314 Multi
1839 3254 1988 3314 sunt
2020 3249 2185 3314 enim
2221 3250 2449 3331 uocati,
2483 3248 2668 3331 pauci
2694 3254 2906 3313 autem

304 3350 508 3415 electi.
588 3354 680 3416 17.
733 3338 826 3418 Et
863 3355 1213 3420 ascendens
1259 3354 1452 3421 Jesus
1498 3354 1948 3438 Hierosolyma
2008 3355 2320 3420 adsumsit
2383 3353 2509 3426 XII
2557 3353 2907 3434 discipulos

304 3460 369 3518 et
414 3458 506 3521 ait
554 3456 714 3524 illis:
784 3460 880 3524 18.
932 3459 1101 3525 Ecce
1167 3459 2087 3546 ascendimusHierosolyma,
2168 3460 2259 3523 19.
2311 3464 2374 3523 et
2419 3457 2588 3524 filius
2632 3458 2907 3524 hominis

304 3560 594 3626 tradetur
665 3564 1060 3644 principibus
1132 3566 1536 3652 sacerdotum
1604 3577 1666 3629 et
1727 3564 1978 3643 scribi&
2041 3570 2107 3629 et
2176 3564 2681 3629 condemnabunt
2763 3583 2908 3629 eum

303 3670 506 3730 morte
551 3672 615 3732 et
677 3669 932 3734 tradent
990 3688 1135 3733 eum
1182 3669 1481 3751 gentibus
1531 3669 1611 3733 ad
1675 3669 2107 3733 deludendum
2170 3672 2235 3733 et
2311 3666 2766 3748 flagellandum
2841 3672 2906 3731 et

308 3769 825 3854 crucifigendum,
876 3779 940 3838 et
989 3775 1179 3838 tertia
1228 3775 1330 3839 die
1379 3780 1686 3856 resurget.
1739 3775 1842 3840 20.
1892 3773 2067 3838 Tunc
2099 3773 2371 3837 accessit
2406 3772 2487 3837 ad
2519 3790 2663 3837 eum
2698 3778 2901 3837 mater

306 3874 575 3941 filiorum
623 3877 942 3942 Zebedaei
990 3898 1128 3942 cum
1177 3876 1325 3943 filiis
1389 3878 1541 3958 suis,
1590 3879 1884 3956 adorans,
1946 3882 2013 3943 et
2075 3883 2296 3959 petens
2362 3877 2605 3959 aliquid
2667 3877 2745 3941 ab
2808 3896 2903 3943 eo,

305 3984 408 4046 21.
458 3981 604 4062 Ipse
635 3987 846 4047 autem
881 3982 1044 4047 dixit
1089 3983 1182 4048 ei:
1235 3983 1400 4061 Quid
1449 3983 1595 4047 uis?
1642 3984 1751 4050 Ait
1786 3982 1844 4048 ei
1889 3983 2030 4047 illa:
2083 3983 2201 4048 Dic
2248 3988 2317 4047 ut
2363 3982 2630 4048 sedeant
2674 3981 2741 4045 hi
2777 3982 2901 4048 duo

304 4084 420 4150 filii
467 4088 611 4168 mei,
648 4105 812 4152 unus
846 4088 927 4152 ad
977 4090 1261 4154 dextram
1293 4093 1468 4153 tuam
1499 4094 1566 4153 et
1610 4107 1773 4153 unus
1805 4088 1886 4153 ad
1921 4087 2243 4153 sinistram
2276 4089 2342 4151 in
2387 4105 2582 4168 regno
2615 4092 2743 4151 tuo.
2796 4089 2902 4153 22.

304 4189 725 4271 Respondeas
770 4198 983 4257 autem
1031 4192 1245 4273 Jesus,
1308 4194 1474 4260 dixit
1519 4195 1681 4260 illis:
1746 4190 2027 4259 Nescitis
2089 4193 2241 4275 quid
2305 4193 2563 4275 petatis.
2630 4192 2907 4257 Potestis

303 4294 525 4360 bibere
573 4296 851 4378 calicem,
900 4317 1088 4380 quem
1151 4317 1267 4379 ego
1317 4299 1635 4366 bibiturus
1683 4299 1871 4364 sum‘?
1917 4298 2153 4363 Dicunt
2199 4300 2293 4363 ei:
2365 4299 2730 4364 Possumus.
2802 4298 2903 4363 23.

305 4400 417 4467 Ait
484 4402 615 4468 illis
674 4401 902 4470 Jesus:
977 4403 1256 4470 Calicem
1326 4406 1579 4487 quidem
1640 4423 1850 4469 meum
1912 4404 2170 4480 bibetis,
2242 4404 2468 4468 sedere
2539 4408 2752 4468 autem
2827 4402 2906 4465 ad

305 4506 637 4573 dexteram
684 4528 884 4574 meam
932 4515 1045 4575 aut
1088 4510 1440 4589 sinistram,
1491 4529 1614 4575 non
1661 4514 1762 4575 est
1808 4527 2012 4574 meum
2063 4510 2213 4573 dare
2258 4507 2465 4587 nobis,
2518 4507 2632 4572 sed
2679 4508 2908 4589 quibus

305 4617 597 4692 paratum
642 4619 742 4678 est
780 4633 817 4677 a
849 4620 1039 4697 patre
1085 4633 1244 4680 meo.
1296 4616 1399 4679 24.
1448 4613 1534 4679 Et
1579 4614 1918 4679 audientes
1968 4614 2202 4693 decem,
2238 4612 2607 4678 contristati
2638 4616 2788 4677 sunt
2822 4611 2899 4674 de

306 4715 551 4782 duobus
597 4716 929 4784 fratribus.
977 4720 1081 4785 25.
1130 4720 1325 4786 Jesus
1386 4721 1613 4782 autem·
1659 4718 1921 4783 uocauit
1979 4736 2088 4784 eos
2135 4717 2212 4780 ad
2262 4735 2350 4795 se,
2414 4719 2478 4780 et
2521 4716 2646 4780 ait:
2711 4715 2903 4782 Scitis

303 4823 474 4903 quod
522 4823 844 4905 principos
891 4825 1177 4907 gentium
1223 4825 1629 4890 dominentur
1676 4841 1916 4899 eorum,
1964 4829 2029 4885 et
2075 4822 2182 4901 qui
2243 4823 2517 4886 maiores
2577 4824 2745 4900 sunt,
2795 4840 2904 4901 po-
