3484 5617
346 505 402 561 c,
440 513 491 561 9,
1129 500 1494 571 Euangelium
1533 502 1834 558 secundum
1871 504 2173 560 Lucanum.
2869 508 2953 574 95

346 722 581 800 monte,
633 712 916 781 occurrit
938 714 1038 779 illi
1083 715 1271 780 turba
1321 716 1536 780 multa.
1585 717 1688 782 38.
1737 715 1824 780 Et
1873 735 2022 781 ecce
2072 715 2171 780 uir
2219 717 2297 781 de
2345 716 2535 781 turba
2574 716 2958 782 exclamauit

348 822 606 887 dicens:
655 818 991 900 Magister,
1039 818 1303 885 obsecro
1349 824 1436 897 te,
1483 820 1728 900 respice
1778 820 1839 883 in
1866 819 2065 885 filium
2112 840 2341 899 meum,
2388 821 2539 902 quia
2585 823 2809 885 unicus
2856 825 2959 888 est

346 926 535 1004 mibi,
585 927 689 991 39.
738 928 803 989 et
850 942 1001 989 ecce
1048 924 1316 1004 spiritus
1364 923 1792 1005 adprehendit
1837 923 2013 988 illum
2062 929 2127 990 et
2173 927 2384 991 subito
2430 927 2663 991 clamat
2689 930 2753 991 et
2780 926 2959 991 elidit

347 1034 413 1096 et
459 1031 732 1111 dissipat
795 1047 942 1093 eum
1011 1047 1150 1093 cum
1217 1048 1440 1111 spuma
1501 1033 1567 1092 et
1632 1028 1742 1093 uix
1807 1028 2079 1094 discedit
2138 1030 2460 1095 dilanians
2506 1049 2669 1108 eum,
2743 1032 2844 1097 40.
2895 1035 2960 1095 et

349 1136 571 1216 rogaui
619 1133 969 1215 discipulos
1013 1139 1178 1212 tuos,
1233 1137 1302 1197 ut
1349 1134 1632 1198 eicerent
1677 1135 1879 1210 illum,
1927 1139 1990 1199 et
2036 1152 2157 1199 non
2208 1140 2552 1216 potuerunt
2651 1137 2755 1200 41.
2805 1135 2960 1200 Res-

357 1240 641 1323 pondens
689 1241 899 1302 autem
949 1238 1142 1304 Jesus
1190 1238 1385 1304 dixit:
1436 1237 1490 1302 O
1543 1240 1873 1320 generatio
1903 1238 2202 1305 infidelis
2254 1243 2320 1305 et
2381 1259 2707 1321 peruersa,
2756 1259 2957 1321 usque

359 1361 483 1425 quo
533 1394 546 1406 .
595 1393 608 1406 .
660 1392 673 1405 .
720 1390 734 1405 .
798 1361 906 1406 ero
968 1347 1124 1424 aput
1186 1344 1348 1408 uos?
1419 1361 1751 1426 usquequo
1803 1395 1814 1407 .
1868 1394 1880 1407 .
1932 1396 1944 1409 .
1998 1396 2010 1409 .
2074 1363 2182 1408 cro
2248 1344 2570 1409 uobiscum
2635 1349 2699 1409 et
2745 1335 2957 1427 patiar

361 1449 525 1513 uos?
590 1448 815 1512 Adduc
861 1449 985 1511 huc
1032 1444 1231 1513 filium
1277 1455 1476 1513 tuum.
1540 1450 1642 1512 42.
1694 1449 1922 1514 Adhuc
1969 1455 2182 1513 autem
2230 1450 2529 1515 ueniente
2575 1449 2736 1530 ipso,
2787 1450 2958 1514 elisit

355 1553 531 1617 illum
581 1552 977 1617 daemonium
1052 1557 1118 1617 et
1162 1553 1521 1637 dissipauit.
1615 1555 1717 1619 43.
1767 1554 1852 1618 Et
1897 1555 2260 1636 increpauit
2303 1553 2496 1618 Jesus
2542 1554 2797 1635 spiritui
2844 1555 2957 1619 im·

351 1658 586 1723 mundo
633 1663 697 1721 et
742 1657 996 1722 sanauit
1039 1677 1306 1740 puerum
1353 1665 1419 1724 et
1466 1659 1750 1724 reddidit
1795 1660 1977 1724 illum
2024 1658 2192 1741 patri
2240 1678 2375 1726 suo,
2451 1660 2554 1724 44.
2605 1657 2959 1739 Stupebant

351 1767 564 1828 autem
632 1780 848 1826 omnes
919 1763 983 1826 in
1057 1764 1495 1845 magnitudine
1544 1815 1557 1829 .
1609 1816 1620 1827 .
1673 1815 1686 1828 .
1740 1820 1752 1830 .
1828 1765 2117 1830 omnibus
2166 1815 2178 1827 .
2234 1815 2245 1828 .
2299 1816 2309 1827 .
2364 1816 2378 1830 .
2426 1763 2715 1830 rantibus
2765 1779 2960 1846 super

353 1867 665 1944 omnibuS,
713 1885 875 1949 quae
920 1866 1213 1934 faciebat.
1265 1869 1445 1933 Dixit
1491 1875 1704 1936 autem
1752 1870 1945 1936 Jesus
1993 1871 2070 1935 ad
2120 1870 2468 1953 discipulos
2501 1888 2682 1935 suos:
2730 1868 2961 1932 Ponite

353 1990 677 2037 sermones
701 1972 907 2036 hosin
936 1972 1199 2039 auribus
1246 1976 1512 2053 uestris3
1539 1995 1681 2040 nam
1707 1974 1879 2040 filius
1924 1976 2198 2040 hominis
2246 1976 2538 2041 tradetur
2579 1972 2960 2038 inmanibus

353 2077 700 2145 hominum.
749 2079 852 2142 45.
908 2076 1004 2139 Ad
1055 2077 1146 2141 illi
1193 2080 1574 2160 ignorabant
1617 2081 1883 2145 uerbum
1932 2081 2113 2163 istut,
2162 2085 2229 2145 et
2282 2085 2425 2145 erat
2478 2130 2488 2141 .
2543 2130 2554 2141 .
2607 2128 2619 2141 .
2673 2097 2767 2144 ‚111
2815 2083 2962 2141 ante

356 2199 484 2259 eoa,
563 2186 629 2246 ut
690 2199 815 2246 non
878 2184 1207 2262 sentirent,
1276 2191 1343 2248 et
1403 2185 1713 2250 timebant
1776 2187 2171 2268 interrogare
2220 2187 2397 2252 illum
2447 2186 2528 2249 de
2575 2184 2694 2248 hoc
2740 2184 2959 2249 uerbo.

355 2288 455 2354 46.
502 2285 781 2351 Intrauit
825 2292 1041 2352 autem
1090 2290 1389 2371 cogitatio
1437 2290 1501 2354 in
1547 2291 1659 2373 eis,
1718 2293 1863 2372 quis
1911 2310 2131 2357 eorum
2180 2292 2381 2355 maior
2427 2295 2623 2356 esset.
2712 2289 2815 2352 47.
2864 2288 2962 2352 Ad

353 2392 547 2457 Jesus
575 2391 802 2456 uidens
829 2391 1256 2473 cogitationes
1302 2396 1512 2460 cordis
1559 2394 1833 2474 illorum,
1885 2397 2371 2485 adprehendens
2419 2414 2694 2477 puerum
2730 2392 2959 2458 statuit

357 2515 539 2564 secus
585 2514 655 2561 se
702 2501 768 2560 et
812 2497 944 2560 ait:
1033 2499 1136 2563 48.
1187 2499 1586 2581 Quicumque
1648 2501 1971 2583 acceperit
2036 2518 2301 2582 puerum
2349 2501 2542 2563 istum
2592 2498 2656 2562 in
2708 2498 2961 2562 nomine

358 2619 520 2682 mec,
567 2618 670 2664 me
696 2603 952 2682 recepit,
1001 2608 1066 2667 et
1091 2604 1472 2686 quicumque
1496 2625 1595 2669 me
1625 2606 1963 2685 receperit,
2010 2624 2137 2669 non
2189 2623 2290 2667 me
2338 2603 2585 2685 recipit,
2634 2602 2745 2666 sed
2795 2621 2961 2677 eum,

362 2707 467 2786 qui
498 2724 599 2769 me
638 2704 832 2771 misit.
882 2705 1041 2770 Nam
1068 2709 1178 2788 qui
1224 2711 1430 2774 minor
1478 2715 1576 2775 est
1624 2711 1794 2775 inter
1842 2726 2059 2772 omnes
2109 2726 2243 2785 uOS,
2295 2708 2397 2771 bic
2442 2709 2646 2772 maior
2692 2710 2807 2769 est.
2858 2706 2961 2769 49.

361 2809 771 2892 Respondens
818 2815 1030 2874 autem
1080 2811 1407 2879 Johannes
1453 2816 1640 2880 dixit:
1738 2815 2152 2895 Praeceptor,
2207 2813 2487 2877 uidimus
2531 2811 2851 2892 *quendam
2897 2811 2961 2874 in

362 2914 609 2979 nomine
654 2918 765 2978 tuo
814 2916 1150 2980 eicientem
1198 2917 1531 2983 daemonia
1601 2925 1666 2985 et
1710 2918 2204 3002 prohibebamus
2252 2937 2418 2995 eum,
2496 2919 2647 2998 quia
2692 2935 2817 2981 non
2867 2932 2964 2980 se-

364 3019 578 3100 quitur
622 3022 686 3083 te
735 3018 1080 3085 nobiscum.
1161 3024 1263 3088 50.
1313 3023 1397 3088 Et
1442 3025 1535 3089 ait
1580 3026 1658 3090 ad
1706 3025 1851 3089 illos
1898 3024 2122 3090 Jesus:
2169 3022 2387 3088 Nolite
2432 3020 2807 3105 prohibere3
2853 3019 2964 3100 qui

368 3122 682 3187 enimnon
707 3128 805 3189 est
831 3125 1142 3192 aduersus
1168 3145 1300 3207 noa,
1342 3147 1459 3210 pro
1483 3130 1668 3195 uobis
1694 3134 1834 3195 est:
1884 3147 2066 3192 nemo
2094 3133 2194 3193 est
2238 3128 2427 3206 enim,
2477 3128 2593 3209 qui'
2638 3177 2649 3189 .
2703 3178 2713 3190 .
2768 3118 2786 3188 .’
2836 3179 2850 3193 .
2900 3131 2966 3190 at

372 3228 473 3290 uir
520 3277 534 3292 .
585 3278 599 3293 .
647 3278 661 3292 .
709 3280 722 3294 .
773 3230 836 3292 in
883 3233 1138 3296 nomine
1185 3253 1324 3298 meo
1387 3244 1452 3298 et
1499 3236 1736 3316 poterit
1783 3234 1946 3298 male
1990 3232 2165 3315 loqui
2212 3232 2292 3298 de
2337 3251 2452 3296 me.
2545 3234 2648 3296 51.
2698 3228 2962 3297 Factum

366 3336 464 3396 est
508 3336 739 3411 autem,
804 3334 951 3398 dum
1000 3338 1465 3418 complerentur
1511 3341 1649 3405 dies
1699 3338 2163 3420 adsumptionis
2211 3338 2368 3417 eius,
2440 3342 2506 3401 et
2549 3337 2688 3418 ipse
2737 3334 2963 3401 faciem

364 3454 542 3500 suam
588 3435 887 3518 firmauit,
966 3447 1035 3506 ut
1082 3443 1205 3507 iret
1252 3444 1673 3510 Hierusalem.
1769 3447 1869 3511 52.
1939 3444 2026 3508 Et
2071 3443 2246 3508 misit
2291 3443 2549 3507 nuntios
2596 3436 2742 3505 aute
2790 3434 2969 3505 cons-

362 3544 615 3621 pectum
686 3560 868 3607 suum
919 3600 929 3615 .
983 3596 997 3611 .
1046 3596 1058 3610 .
1109 3598 1121 3612 .
1193 3554 1417 3614 euntes
1486 3552 1896 3614 intrauerunt
1960 3549 2027 3613 in
2098 3548 2360 3612 ciuitate
2421 3546 2781 3611 Samaritan
2828 3564 2967 3609 rum

368 3646 551 3726 quasi
597 3650 885 3728 paraturi
931 3650 1044 3717 illi.
1092 3654 1194 3719 53.
1246 3655 1330 3719 Et
1374 3674 1498 3720 non
1545 3657 1935 3735 receperunt
1979 3652 2178 3729 illum,
2227 3652 2378 3731 quia
2423 3650 2622 3714 facies
2667 3649 2805 3713 eius
2830 3654 2968 3713 erat

366 3751 580 3815 euntis
625 3751 1050 3821 Hierusalem.
1142 3758 1245 3824 54.
1310 3757 1470 3823 Cum
1533 3759 1851 3823 uidissent
1896 3760 2109 3819 autem
2157 3753 2455 3834 discipuli
2504 3755 2641 3817 eius
2688 3752 2967 3818 Jacobus

363 3857 429 3918 et
473 3853 822 3939 Jobannes,
870 3860 1204 3925 dixerunt:
1278 3862 1547 3946 domine,
1612 3862 1712 3927 uis
1776 3861 2064 3943 dicimuS‚
2135 3863 2207 3923 ut
2253 3859 2417 3941 ignis
2482 3858 2828 3923 descendat
2890 3858 2966 3922 de

366 3959 542 4023 caelo
589 3979 783 4042 super
829 3963 993 4043 illos,
1066 3972 1130 4031 et
1176 3973 1510 4032 consumat
1556 3968 1718 4048 illos,
1767 3968 1934 4032 sicut
1978 3965 2200 4030 Helias
2245 3963 2446 4028 fecit?
2537 3963 2639 4028 55.
2690 3963 2776 4026 Et
2822 3980 2968 4026 con-

364 4082 593 4129 uersus
638 4066 1001 4150 increpauit
1050 4071 1194 4136 illos
1243 4077 1307 4137 et
1333 4073 1525 4138 dixit:
1574 4072 1872 4150 NescitiS,
1923 4071 2106 4136 cuius
2131 4069 2395 4150 spiritus
2429 4067 2612 4143 estis;
2664 4069 2767 4133 56.
2818 4068 2969 4147 quia

365 4165 534 4232 filius
596 4169 869 4239 hominis
915 4192 1034 4239 non
1098 4178 1278 4241 uenit
1326 4179 1567 4243 animas
1616 4179 1938 4243 hominum
1985 4177 2275 4258 perdere,
2348 4174 2460 4239 sed
2524 4172 2791 4237 saluarc.
2884 4172 2970 4236 Et

365 4270 707 4340 habierunt
753 4278 812 4340 in
864 4279 1054 4344 aliam
1102 4282 1446 4347 ciuitatem.
1519 4285 1619 4349 57.
1671 4283 1933 4346 Factum
1980 4286 2080 4346 est
2125 4273 2338 4344 autem
2387 4278 2684 4344 euntibus
2731 4276 2859 4340 illis
2907 4277 2992 4340 in

366 4378 494 4462 uia,
544 4379 710 4446 dixit
755 4383 1014 4464 quidam
1065 4388 1146 4452 ad
1185 4387 1400 4454 illum:
1451 4389 1739 4466 Domine,
1789 4406 2021 4468 sequar
2065 4394 2150 4464 te,
2201 4403 2601 4467 quocumque
2649 4385 2820 4448 ieris.
2869 4384 2970 4448 58.

367 4482 456 4546 Et
499 4484 590 4547 ait
636 4484 731 4548 illi
775 4487 997 4554 Jesus:
1051 4491 1293 4574 Uolpes
1340 4493 1562 4558 foueas
1632 4491 1888 4570 habent,
1960 4497 2025 4557 et
2073 4491 2365 4556 uolucres
2414 4488 2574 4554 caeli
2602 4488 2806 4566 nidos,
2858 4487 2969 4550 ubi

366 4587 792 4672 requiescant,
852 4615 995 4659 nam
1065 4595 1235 4662 filius
1293 4597 1566 4661 hominis
1628 4616 1753 4661 non
1799 4597 2010 4675 habet,
2058 4594 2165 4659 ubi
2212 4599 2403 4677 caput
2449 4612 2630 4658 suum
2680 4591 2967 4656 reclinet.

367 4691 472 4755 59.
519 4692 607 4757 Et
652 4697 744 4760 ait
798 4699 876 4763 ad
929 4701 1232 4767 alterum:
1305 4702 1581 4784 Sequere
1627 4720 1744 4765 me.
1815 4701 1936 4764 Ille
1985 4705 2198 4764 autem
2247 4700 2440 4763 dixit:
2494 4698 2783 4774 Domine,
2834 4713 2973 4778 per-

369 4800 556 4865 mitte
601 4800 754 4865 mihi
800 4805 1074 4885 primum
1123 4808 1216 4872 ire
1264 4812 1330 4873 et
1375 4807 1652 4889 sepelire
1696 4809 1942 4887 patrem
1989 4822 2217 4868 meum.
2274 4804 2377 4868 60.
2428 4802 2606 4867 Dixit
2649 4805 2863 4866 autem
2910 4801 2970 4865 ei
