3484 5617
295 513 351 573 U.
386 516 437 570 ⁷.
1073 508 1434 585 Euangel'ium
1475 509 1777 569 secundum
1813 513 2140 572 Johannem.
2801 512 2886 586 55

291 726 457 791 unde
490 725 606 807 sit3
654 723 980 791 Christum
1029 729 1264 803 autem,
1314 744 1453 814 cum
1500 726 1773 806 uenerit,
1823 745 2006 792 nemo
2054 726 2176 791 scit
2224 727 2390 791 unde
2436 728 2540 792 sit.
2592 728 2691 794 28.
2743 727 2889 793 Cla-

292 828 505 895 mabat
572 828 770 911 igitur
838 827 1029 895 Jesus
1099 829 1163 894 in
1233 828 1472 910 templo
1543 828 1776 894 docens
1845 832 1910 893 et
1971 829 2233 895 dicens:
2304 829 2389 896 Et
2457 849 2556 896 me
2602 831 2781 897 scitis
2830 837 2896 896 et

293 934 459 998 unde
504 934 625 999 sim
670 934 912 1012 nostis;
965 951 1081 998 nec
1127 933 1292 997 enim
1342 952 1380 996 a
1425 952 1525 997 me
1571 933 1745 1017 ueni,
1794 932 1907 998 sed
1955 938 2055 999 est
2099 952 2312 1012 uerax,
2380 935 2487 1015 qui
2547 954 2648 999 me
2695 935 2893 1014 misit,

292 1056 476 1119 quem
525 1056 640 1103 uos
686 1037 1012 1119 ignoratis.
1103 1037 1205 1102 29.
1253 1038 1389 1119 Ego
1437 1042 1651 1103 autem
1701 1039 1855 1102 noui
1901 1035 2098 1116 illum,
2163 1036 2456 1118 quoniam
2504 1039 2583 1104 ab
2631 1058 2706 1105 eo
2755 1059 2894 1105 sum

293 1148 359 1208 et
401 1143 541 1225 ipse
586 1160 686 1206 me
731 1140 924 1207 misit.
1003 1141 1103 1206 30.
1157 1139 1565 1218 Quaerebant
1612 1141 1811 1224 igitur
1856 1160 1996 1206 eum
2047 1141 2548 1223 adprehendere,
2598 1148 2663 1208 et
2709 1162 2895 1210 nemo

294 1247 516 1314 iniecit
558 1265 783 1313 manus
828 1247 894 1311 in
940 1246 1137 1326 illum,
1187 1247 1336 1326 quia
1380 1246 1659 1320 nondum
1706 1251 1976 1311 uenerat
2019 1245 2177 1310 hora
2209 1247 2367 1312 eius.
2419 1247 2521 1311 31.
2572 1247 2670 1312 Ex
2712 1249 2901 1313 turba

295 1357 507 1417 autem
552 1349 738 1414 multi
786 1349 1198 1414 crediderunt
1243 1349 1308 1412 in
1357 1338 1499 1413 eum
1548 1352 1614 1414 et
1660 1347 1999 1414 dicebant:
2064 1347 2367 1415 Christus
2433 1370 2576 1416 cum
2622 1355 2899 1430 uenerit,

296 1455 598 1538 numquid
636 1453 817 1536 plura
850 1454 1034 1536 signa
1060 1449 1256 1516 faciet
1285 1470 1474 1532 quam
1506 1470 1670 1533 quae
1704 1454 1826 1516 iste
1875 1451 2081 1518 fecit?
2148 1454 2253 1517 32.
2284 1454 2646 1520 Audierunt
2691 1474 2900 1520 sacer-

293 1561 476 1626 dotes
522 1562 588 1624 et
647 1558 932 1622 Farisaei
977 1557 1280 1640 populum
1326 1558 1772 1624 mussitantem
1835 1559 1914 1622 de
1956 1573 2030 1624 eo
2066 1566 2131 1623 et
2193 1559 2512 1624 miserunt
2558 1560 2900 1643 ministros,

294 1670 368 1729 ut
412 1662 1005 1746 adpraehenderent
1057 1681 1222 1726 eum.
1317 1664 1417 1728 33.
1485 1662 1666 1727 Dixit
1732 1665 1948 1727 autem
2008 1662 2240 1728 Jesus:
2315 1664 2522 1730 adhuc
2597 1666 2901 1748 pusillum

294 1775 544 1853 tempus
589 1768 916 1834 nobiscum
958 1784 1116 1845 sum,
1165 1770 1231 1831 et
1276 1766 1442 1831 uado
1490 1767 1570 1831 ad
1624 1784 1789 1846 eum,
1838 1768 1945 1849 qui
1992 1786 2092 1831 me
2137 1769 2331 1833 misit.
2424 1769 2525 1835 34.
2576 1768 2899 1846 Quaeritis

295 1895 414 1954 me,
463 1880 529 1939 et
558 1892 680 1938 non
728 1871 1090 1949 inuenietiS,
1139 1876 1205 1935 et
1248 1870 1356 1935 ubi
1404 1890 1523 1953 ego
1557 1890 1715 1951 sum,
1767 1889 1879 1937 uos
1912 1873 2135 1937 uenire
2168 1892 2291 1939 non
2316 1874 2606 1955 potestis,
2655 1874 2900 1940 35.Di·

299 1980 524 2044 cebant
582 1979 782 2060 igitur
828 1976 1062 2042 Judaei
1109 1975 1520 2041 alterutrum:
1588 1976 1719 2041 Ubi
1761 1976 1867 2041 hic
1911 1978 2122 2043 iturus
2169 1984 2286 2056 est,
2357 1980 2508 2060 quia
2551 1997 2676 2043 non
2726 1980 2901 2044 inue-

297 2086 541 2149 niemus
610 2083 802 2149 eum?
891 2080 1215 2163 Numquid
1275 2083 1339 2145 in
1397 2074 1858 2164 dispersionem
1907 2082 2294 2148 Graecorum
2356 2083 2623 2167 incipiet
2683 2085 2776 2150 ire
2838 2091 2903 2152 et

299 2191 528 2256 docere
575 2187 902 2255 Graecos?
990 2188 1091 2253 36.
1140 2186 1298 2263 Quis
1344 2190 1443 2252 est
1488 2187 1589 2250 hic
1638 2205 1865 2267 serm0,
1915 2206 2105 2269 quem
2168 2188 2359 2252 dixit:
2435 2190 2759 2270 quaeritis·
2802 2210 2902 2256 me

295 2300 361 2361 et
431 2315 555 2362 non
617 2295 960 2359 inuenietis
1026 2312 1148 2375 me,
1218 2297 1285 2356 et
1370 2292 1480 2357 ubi
1543 2310 1678 2356 sum
1744 2311 1881 2374 ego,
1945 2311 2059 2357 uos
2120 2292 2342 2358 uenire
2402 2310 2524 2357 non
2585 2295 2903 2373 potestis?

295 2400 399 2466 37.
446 2400 520 2464 In
565 2397 915 2465 nouissimo
962 2401 1174 2462 autem
1223 2396 1326 2460 die
1371 2414 1599 2477 magno
1663 2412 1737 2459 ac
1799 2394 2106 2461 sollemne
2162 2397 2375 2461 stabat
2421 2396 2616 2463 Jesus
2663 2403 2727 2463 et
2776 2398 2900 2463 cla-

295 2504 510 2570 mabat
570 2503 830 2569 dicens:
901 2501 967 2568 Si
1016 2503 1160 2583 quis
1222 2502 1380 2579 sitit,
1431 2501 1651 2565 ueniat
1696 2505 1762 2564 et
1810 2499 2001 2567 bibat.
2049 2504 2150 2568 38.
2226 2503 2349 2579 Qui
2404 2501 2610 2567 credit
2660 2504 2724 2566 in
2772 2522 2893 2582 me,

297 2610 464 2674 sicut
537 2609 700 2673 dixit
772 2607 1126 2689 scriptura:
1203 2604 1467 2670 flumina
1527 2605 1609 2670 de
1678 2608 1904 2670 uentre
1965 2607 2105 2671 eius
2164 2605 2363 2672 fluent
2425 2625 2629 2688 aquae
2695 2608 2906 2673 uiuae.

299 2716 402 2780 39.
450 2713 587 2778 Hoc
632 2716 844 2776 autem
895 2711 1059 2776 dixit
1104 2709 1183 2775 de
1232 2710 1479 2790 spiritu,
1529 2729 1718 2792 quem
1766 2712 2090 2793 accepturi
2141 2716 2366 2790 erant3
2417 2710 2691 2777 nondum
2732 2712 2900 2777 enim

303 2821 443 2882 erat
488 2816 677 2881 datus
725 2815 1011 2897 spirituS‚
1061 2814 1214 2896 quia
1259 2813 1452 2879 Jesus
1501 2833 1626 2880 non
1671 2819 1813 2881 erat
1860 2814 2335 2881 honorificatus,
2386 2816 2486 2881 40.
2524 2817 2619 2881 De
2668 2815 2900 2897 populo

300 2922 500 3005 igitur
544 2920 884 2985 audientes
931 2919 1089 2984 haec
1136 2919 1334 2985 uerba
1380 2919 1712 2984 dicebant:
1765 2919 1887 2986 Hic
1934 2925 2033 2985 est
2067 2939 2222 2985 uere
2268 2920 2596 3002 propheta.
2644 2920 2904 2986 41.Alii

301 3045 456 3091 uero
505 3026 830 3091 dicebant:
877 3023 1203 3105 Numquid
1251 3041 1402 3104 ergo
1449 3043 1529 3089 ex
1575 3024 1866 3089 Galilaea
1913 3023 2214 3091 Christus
2260 3025 2485 3090 uenit?
2530 3025 2635 3090 42.
2682 3024 2907 3090 Nonne

301 3133 619 3213 scriptura
680 3130 863 3194 dicit:
928 3130 1076 3212 quia
1137 3148 1216 3194 cx
1280 3131 1524 3195 semine
1585 3130 1796 3194 Dauid
1857 3134 1922 3195 et
1981 3130 2311 3195 Betlehem
2373 3129 2736 3212 municipiO,
2799 3130 2906 3195 ubi

302 3241 441 3302 erat
492 3236 735 3314 Dauid,
800 3233 1096 3299 Christus
1164 3234 1398 3299 uenit?
1485 3235 1590 3300 43.
1643 3234 1973 3300 Dissensio
2036 3253 2189 3316 ergo
2245 3234 2415 3299 facta
2461 3241 2560 3300 est
2604 3236 2669 3300 in
2716 3235 2906 3301 turba

298 3345 563 3422 propter
609 3359 773 3405 eum.
820 3341 924 3406 44.
975 3338 1240 3417 Quidam
1290 3342 1504 3403 autem
1553 3356 1633 3403 ex
1680 3340 1776 3403 eis
1822 3341 2119 3405 uolebant
2165 3340 2688 3422 adpraehendere
2735 3361 2899 3423 eum,

299 3445 413 3511 sed
459 3462 647 3512 nemo
695 3446 761 3509 in
806 3479 892 3491 —-
948 3481 1013 3490 -
1068 3480 1149 3489 —-

393 3672 397 3676 ·
498 3653 717 3726 .V111.
755 3658 852 3720 12.
889 3655 1133 3720 Rursus
1165 3658 1381 3719 autem
1414 3654 1819 3736 congregatis
1854 3654 1981 3719 illis
2016 3655 2392 3737 loquebatur
2422 3653 2615 3719 Jesus
2649 3655 2906 3720 dicens:

304 3761 443 3844 Ego
511 3779 651 3827 sum
722 3761 831 3824 lux
896 3761 1085 3828 huius
1146 3761 1381 3843 mundi,
1447 3761 1557 3841 qui
1607 3778 1705 3823 me
1753 3762 2060 3842 sequitur,
2123 3779 2247 3824 non
2303 3753 2651 3824 ambulabit
2696 3761 2759 3824 in
2812 3766 2902 3825 te-

305 3868 538 3946 nebris,
605 3866 720 3931 sed
789 3866 1049 3933 habebit
1094 3866 1306 3931 lumen
1357 3867 1548 3931 uitae.
1649 3867 1748 3931 13.
1797 3865 2111 3930 Dixerunt
2179 3871 2390 3931 autem
2447 3866 2506 3930 ei
2556 3864 2903 3931 Pharisaei:

304 3972 397 4037 Tu
468 3973 545 4037 de
608 3977 669 4036 te
730 3973 1164 4037 testimonium
1224 3970 1546 4055 perhibeS‚
1609 3972 2040 4037 testimonium
2102 3975 2282 4036 tuum
2343 3990 2468 4036 non
2523 3976 2621 4036 est
2666 3989 2906 4036 uerum.

314 4079 407 4143 14.
453 4077 808 4160 Respondit
851 4076 1044 4144 Jesus
1090 4082 1157 4142 et
1204 4078 1366 4142 dixit
1409 4076 1535 4144 eis:
1584 4077 1671 4141 Et
1716 4078 1772 4141 si
1822 4096 1936 4159 ego
1985 4077 2415 4142 testimonium
2460 4075 2768 4158 perhibeo
2817 4077 2896 4140 de

305 4202 428 4264 ne,
489 4183 924 4249 testimonium
988 4200 1198 4247 meum
1246 4200 1469 4246 uerum
1519 4187 1635 4259 est,
1685 4183 1981 4263 quoniam
2030 4183 2182 4261 scio,
2239 4182 2407 4246 unde
2453 4182 2623 4260 ueni,
2672 4187 2737 4247 et
2782 4200 2904 4263 quo

305 4307 479 4367 eam3
510 4307 626 4354 uos
658 4289 827 4353 enim
857 4285 1140 4366 nescitis,
1178 4288 1343 4351 unde
1392 4287 1673 4351 uenerim
1708 4292 1775 4351 et
1799 4305 1922 4368 quo
1956 4305 2114 4351 eam.
2171 4288 2264 4353 15.
2294 4287 2380 4352 Et
2413 4306 2525 4353 uos
2559 4286 2904 4352 secundum

307 4411 558 4458 carnem
606 4393 937 4459 iudicatis:
1014 4411 1130 4477 ego
1179 4412 1304 4460 non
1349 4392 1560 4457 iudico
1624 4393 1956 4474 neminem,
2042 4395 2134 4459 16.
2198 4393 2367 4475 quod
2414 4395 2464 4458 si
2514 4411 2632 4477 ego
2680 4392 2909 4469 iudicO,

306 4498 614 4564 iudicium
658 4517 869 4563 meum
916 4517 1138 4564 uerum
1188 4503 1306 4574 est,
1353 4497 1649 4578 quoniam
1696 4499 1873 4563 solus
1918 4516 2042 4562 non
2091 4516 2267 4578 sum3
2316 4489 2592 4580 sedego
2639 4516 2798 4577 sum,
2845 4502 2912 4561 et

304 4604 417 4685 qui
464 4622 563 4668 me
610 4602 787 4669 misit
813 4609 1017 4686 pater.
1069 4605 1169 4667 17.
1216 4602 1289 4666 In
1321 4601 1477 4683 lege·
1509 4620 1760 4683 quoque
1793 4603 2097 4684 scriptum
2131 4608 2247 4683 est,
2296 4602 2596 4685 quoniam
2647 4601 2909 4666 duorum

303 4708 634 4774 hominum
678 4709 1115 4774 testimonium
1160 4725 1384 4772 uerum
1431 4711 1548 4773 est.
1617 4708 1716 4772 18.
1766 4706 1902 4788 Ego
1950 4727 2111 4789 sum,
2159 4707 2266 4789 qui
2311 4703 2621 4771 testificor
2669 4705 2746 4770 de
2790 4724 2908 4783 me,

307 4820 374 4882 ct
442 4815 548 4900 qui
613 4833 710 4880 me
757 4814 932 4879 misit
991 4816 1170 4898 pater
1237 4812 1665 4877 testimonium
1729 4811 2026 4898 perhibet
2089 4812 2168 4877 de
2214 4831 2330 4876 me.
2433 4811 2528 4876 19.
2597 4809 2912 4880 Dicebant
