3484 5617
366 447 425 503 0.
463 456 511 503 3.
1138 448 1507 517 Euangelium
1543 449 1847 504 secundum
1884 450 2243 504 matthaeum.
2927 457 2976 522 3

367 679 630 741 regnum
679 660 1014 724 caelorum.
1110 662 1169 724 3.
1218 658 1340 723 Hic
1387 666 1487 724 est
1533 661 1701 724 enim
1766 661 1844 724 de
1899 679 2021 742 quo
2086 661 2326 726 dictum
2390 665 2490 725 est
2552 679 2667 741 per
2712 660 2973 729 Essiam

365 764 768 847 prophetam:
845 785 968 830 vox
1029 765 1366 830 clamantis
1429 766 1493 827 in
1557 764 1849 831 deserto:
1919 771 2142 845 parate
2204 764 2378 829 uiam
2442 764 2698 849 domini,
2761 769 2975 831 rectas

362 868 554 934 facite
622 871 882 935 semitas
951 869 1054 934 dei
1116 870 1318 934 nostri
1369 918 1642 933 .....
1736 869 1796 934 4.
1861 869 2009 951 Ipse
2079 873 2289 934 autem
2351 868 2678 934 Johannes
2746 869 2971 936 habuit

364 974 664 1039 uestitum
727 1025 1001 1040 .....
1084 972 1493 1038 camellorum
1557 975 1622 1036 et
1682 992 1844 1037 zona
1911 973 2166 1055 pellicia
2232 974 2401 1038 circa
2482 973 2730 1039 lumbos
2791 975 2966 1056 eius3

362 1097 510 1145 esca
553 1073 764 1143 autem
814 1080 952 1143 eius
999 1083 1136 1143 erat
1181 1078 1471 1142 lucustae
1517 1082 1584 1142 et
1631 1078 1756 1142 mel
1805 1077 2158 1143 siluestrae.
2218 1081 2277 1146 5.
2325 1079 2500 1145 Tunc
2539 1078 2845 1146 'exiebant
2891 1081 2973 1146 ad

363 1202 505 1249 eum
561 1202 637 1248 ex
693 1183 1154 1266 Hierosolymis
1200 1183 1404 1249 omnis
1459 1181 1710 1247 Judaea
1765 1188 1829 1247 et
1881 1201 2101 1250 omnes
2149 1186 2256 1265 qui
2313 1185 2718 1250 morabantur
2806 1186 2974 1251 circa

364 1289 710 1365 «Iordanen,
776 1293 835 1355 6.
884 1294 951 1353 et
993 1285 1484 1370 baptizabantur
1534 1336 1805 1353 .....
1857 1287 2063 1353 danen
2109 1287 2482 1355 confitentes
2530 1295 2793 1372 peccata
2838 1308 2970 1356 sua.

365 1396 418 1455 7.
465 1392 710 1457 Uidens
758 1398 976 1457 autem
1024 1394 1260 1457 multos
1306 1393 1797 1458 Pharisaeorum
1832 1399 1896 1458 et
1944 1391 2453 1460 Sadducaeorum
2500 1397 2841 1461 uenientes
2890 1395 2972 1460 ad

360 1497 750 1578 baptismum
792 1517 996 1581 suum,
1062 1496 1225 1562 dixit
1270 1498 1397 1562 eis:
1457 1498 1796 1578 progenies
1857 1497 2241 1582 uiperamm,
2306 1501 2448 1581 quis
2512 1501 2974 1566 demonstrauit

360 1601 545 1666 uobis
590 1601 814 1683 fugere
875 1603 952 1667 ab
1015 1603 1113 1668 ira
1173 1603 1434 1668 futura?
1511 1604 1569 1668 8.
1617 1600 1811 1667 facite
1874 1619 2029 1683 ergo
2090 1600 2369 1668 fructum
2432 1605 2700 1687 dignum
2755 1604 2971 1688 paeni-

359 1709 634 1774 tentiae:
684 1710 743 1773 9.
794 1711 860 1773 et
888 1708 1086 1772 nolite
1120 1707 1444 1789 praeferre
1476 1726 1592 1772 uos
1624 1706 1948 1782 dicentes;
1997 1713 2242 1788 patrem
2288 1708 2593 1773 habemus
2626 1708 2964 1773 Abraham.

361 1815 517 1878 Dico
559 1814 725 1879 enim
772 1812 956 1878 uobis
1002 1812 1298 1894 quoniam
1343 1818 1575 1896 potens
1624 1818 1724 1877 est
1755 1813 1912 1877 deus
1960 1831 2039 1878 ex
2083 1812 2403 1893 lapidibus
2467 1814 2611 1880 istis
2661 1814 2972 1880 suscitare

363 1917 525 1983 filios
574 1917 886 1983 Abrahae.
964 1919 1060 1983 10.
1109 1917 1252 1983 Jam
1301 1919 1472 1983 enim
1518 1919 1766 1983 securis
1827 1917 1908 1982 ad
1958 1918 2208 1984 radices
2255 1918 2547 1983 arborum
2595 1919 2805 2000 posita
2852 1923 2967 1983 est.

362 2022 585 2088 Omnis
647 2042 796 2104 ergo
858 2022 1045 2087 arbor
1092 2042 1218 2087 non
1265 2022 1504 2091 faciens
1558 2023 1834 2088 fructum
1885 2024 2135 2108 bonum,
2188 2024 2519 2089 excidetur
2542 2027 2609 2088 et
2650 2024 2717 2088 in
2764 2023 2972 2105 ignem

358 2129 665 2194 mittetur.
717 2130 814 2194 11.
864 2128 1001 2210 Ego
1046 2129 1302 2209 quidem
1350 2128 1603 2211 baptizo
1650 2148 1767 2195 uos
1812 2128 1878 2193 in
1927 2148 2152 2212 aquam
2202 2130 2267 2193 in
2318 2128 2811 2213 paenitentiam3
2862 2129 2970 2211 qui

355 2237 566 2298 autem
595 2235 741 2314 post
770 2251 873 2297 me
905 2232 1085 2298 uenit
1127 2232 1349 2298 fortior
1395 2254 1496 2300 me
1543 2240 1659 2314 est,
1707 2236 1893 2299 cuius
1937 2253 2064 2299 non
2112 2253 2250 2300 sum
2283 2234 2509 2316 diguus
2546 2234 2965 2299 calciamenta

356 2344 631 2423 portare,
666 2339 804 2420 ipse
851 2357 965 2404 uos
1013 2338 1362 2420 baptisauit
1422 2339 1489 2403 in
1535 2341 1768 2423 spiritu
1818 2392 1832 2407 .
1884 2391 1895 2404 .
1933 2390 1945 2403 .
1987 2329 2098 2405 ’12.
2149 2341 2258 2420 qui
2303 2339 2498 2405 habet
2541 2338 2968 2404 uentilabrum

356 2447 420 2509 in
466 2464 654 2510 manu
701 2462 836 2526 sua,
892 2449 957 2511 et
1000 2445 1456 2526 permundauit
1517 2465 1730 2511 aream
1779 2464 1959 2511 suam
2005 2450 2071 2512 et
2106 2446 2524 2528 congregauit
2568 2444 2849 2510 triticum
2900 2444 2963 2507 in

354 2549 582 2614 horreo
629 2568 764 2629 su0,
811 2550 1032 2632 paleas
1079 2555 1292 2615 autem
1342 2550 1667 2616 comburet
1707 2552 1836 2634 igni
1870 2549 2359 2632 inextinguibili.
2415 2551 2512 2615 13.
2560 2547 2736 2613 Tunc
2778 2548 2959 2613 uenit

354 2654 547 2721 Jesus
593 2674 630 2719 a
676 2653 965 2720 Galilaea
1011 2654 1092 2719 ad
1137 2654 1472 2720 Johannen
1537 2661 1608 2722 ut
1668 2656 2104 2739 baptizaretur
2150 2654 2229 2719 ab
2276 2672 2349 2718 eo
2401 2654 2463 2718 iu
2511 2652 2831 2717 Jordanen
2863 2702 2872 2714 .
2906 2702 2962 2718 ..

362 2760 456 2824 14.
507 2778 648 2822 eum
694 2759 1020 2825 Johannes
1066 2758 1322 2825 dicens:
1372 2779 1490 2840 ego
1538 2779 1575 2824 a
1621 2766 1687 2825 te
1737 2761 1934 2826 debeo
1982 2759 2314 2842 baptizari,
2364 2764 2429 2822 et
2474 2761 2543 2822 tu
2603 2756 2840 2823 uenisti
2887 2758 2966 2822 ad

354 2863 502 2926 me?
592 2863 683 2929 15.
750 2863 1169 2945 Respondens
1230 2867 1440 2928 autem
1509 2863 1700 2930 Jesu's
1765 2865 1925 2929 dixit
1985 2864 2077 2929 ei:
2156 2863 2296 2929 sine
2357 2859 2562 2942 modo,
2633 2863 2725 2927 sic
2799 2862 2965 2926 enim

356 2971 612 3049 oportet
672 2984 787 3033 nos
850 2966 1114 3047 implere
1177 2986 1425 3034 omnem
1494 2969 1830 3034 iustitiam.
1935 2971 2029 3035 16.
2090 2968 2267 3034 Tunc
2336 2966 2580 3033 dimisit
2649 2985 2824 3046 eum3
2901 2972 2966 3030 et

355 3070 681 3154 baptizato
729 3071 906 3152 Jesu,
972 3071 1304 3138 confestim
1371 3073 1661 3138 ascendit
1722 3074 1800 3138 de
1846 3091 2029 3155 aqua.
2121 3072 2209 3138 Et
2252 3089 2398 3137 ecce
2446 3072 2652 3153 aperti
2712 3075 2860 3137 sunt
2905 3070 2960 3135 ei

359 3178 541 3256 caeli,
612 3183 677 3242 et
736 3178 900 3243 uidit
962 3178 1255 3259 spiritum
1318 3172 1970 3243 dei'descendentem
2035 3175 2347 3243 decaelo‘
2397 3177 2564 3242 sicut
2608 3175 2959 3241 columbam

353 3282 712 3348 uenientem
761 3284 828 3347 in
874 3283 1101 3365 ipsum.
1173 3282 1261 3347 Et
1308 3300 1488 3349 ecce:
1536 3301 1663 3348 uox
1712 3283 1791 3348 de
1838 3283 2013 3348 caelo
2061 3283 2273 3350 dicens
2320 3281 2398 3348 ad
2446 3298 2628 3347 eum=
2698 3278 2820 3349 Hic
2864 3285 2962 3351 est

354 3385 523 3452 filius
567 3406 747 3453 meus
795 3387 1065 3453 dilectus
1114 3388 1179 3452 in
1226 3407 1350 3469 quo
1396 3388 1557 3454 bene
1604 3388 1978 3472 complacui.

558 3594 689 3663 IV.
744 3598 798 3661 1.
847 3597 1023 3662 Tunc
1068 3596 1262 3663 Jesus
1310 3597 1542 3663 ductus
1588 3601 1689 3662 est
1735 3599 1800 3663 in
1834 3597 2156 3663 desertum
2204 3597 2281 3661 ab
2330 3597 2558 3677 spiritu
2592 3601 2663 3661 ut
2693 3600 2957 3678 tempta-

355 3705 532 3767 retur
579 3719 618 3764 a
663 3700 936 3765 diabulo.
1030 3705 1089 3766 2.
1136 3701 1223 3766 Et
1269 3721 1407 3766 cum
1471 3703 1821 3768 ieiunasset
1865 3701 1997 3766 XL.
2052 3700 2276 3765 diebus
2339 3705 2404 3765 et
2466 3700 2596 3766 XL.
2644 3701 2959 3781 noctibus,

354 3811 581 3888 postea
625 3807 875 3872 esuriit.
921 3808 980 3871 3.
1030 3807 1116 3871 Et
1159 3809 1433 3873 accessit
1480 3808 1557 3872 ad
1607 3827 1751 3873 eum
1800 3812 2142 3889 temptator
2186 3811 2255 3871 et
2298 3805 2459 3871 dixit
2499 3805 2631 3872 illi:
2680 3806 2744 3873 Si
2792 3805 2959 3870 filius

353 3909 455 3975 dei
505 3929 591 3989 63,
641 3911 743 3976 dic
789 3917 861 3976 ut
905 3911 1154 3995 lapides
1187 3910 1293 3978 isti
1326 3930 1525 3995 panes
1558 3910 1732 3976 fiant.
1804 3913 1864 3977 4.
1919 3910 2036 3975 Cui
2084 3913 2477 3993 respondens
2523 3909 2685 3978 dixit
2728 3910 2954 3977 Jesus:

352 4014 668 4098 Scriptum
718 4019 842 4081 est:
894 4016 1034 4081 Non
1079 4017 1144 4081 in
1191 4037 1354 4100 pane
1389 4022 1635 4084 tantum
1668 4019 1849 4084 uiuet
1880 4017 2065 4083 homo
2100 4068 2113 4082 .
2152 4070 2163 4086 .
2202 4068 2214 4081 .
2250 4017 2443 4082 uerbo
2492 4016 2612 4081 dei.
2664 4018 2723 4084 5.
2776 4017 2958 4082 Tunc

350 4121 707 4203 adsumpsit
767 4139 910 4186 eum
959 4121 1247 4188 diabolus
1312 4123 1377 4188 in
1425 4128 1706 4188 sanctam
1757 4124 2082 4188 ciuitatem
2145 4126 2212 4187 et
2272 4121 2498 4187 statuit
2560 4139 2703 4185 eum
2764 4139 2957 4202 supra

344 4226 599 4308 pinnam
636 4228 854 4309 templi
901 4231 968 4292 et
993 4227 1152 4293 dixit
1184 4228 1278 4294 ei:
1315 4226 1381 4291 Si
1417 4226 1587 4294 filius
1622 4228 1722 4292 dei
1759 4247 1848 4306 es,
1884 4229 2066 4292 mitte
2099 4230 2163 4291 te
2194 4227 2504 4292 deorsum.
2542 4229 2599 4292 6.
2636 4225 2954 4308 Scriptum

352 4338 452 4398 est
498 4333 696 4396 enim:
747 4334 914 4414 quod
963 4334 1208 4416 angelis
1254 4335 1388 4399 suis
1427 4333 1759 4399 mandauit
1806 4334 1885 4398 de
1931 4339 2018 4414 te,
2067 4337 2139 4397 ut
2184 4333 2248 4397 in
2280 4333 2570 4398 manibus
2614 4332 2845 4398 tollant
2889 4340 2954 4401 te

355 4456 435 4501 ne
479 4435 646 4501 forte
697 4486 710 4500 .
762 4485 773 4499 .
824 4488 837 4501 .
885 4437 1160 4521 lapidem
1209 4437 1435 4519 pedem
1482 4442 1679 4503 tuum.
1731 4440 1787 4502 7.
1838 4439 1950 4503 Ait
1995 4437 2089 4502 illi
2137 4435 2405 4501 iterum:
2456 4436 2773 4517 Scriptum
2821 4443 2951 4503 est:

359 4542 499 4606 Non
538 4542 882 4624 temptabis
916 4544 1235 4608 dominum
1271 4542 1456 4607 deum
1491 4545 1688 4606 tuum.
1739 4545 1795 4608 8.
1828 4540 2066 4607 lterum
2101 4543 2457 4623 adsumpsit
2489 4560 2631 4607 eum
2664 4543 2953 4608 diabolus

346 4647 410 4709 in
456 4651 736 4711 montem
784 4649 1103 4714 excelsum
1164 4647 1373 4727 ualde,
1420 4651 1482 4711 et
1529 4645 1813 4712 ostendit
1858 4647 1917 4711 ei
1965 4648 2172 4712 omnia
2218 4665 2414 4730 regna
2462 4646 2682 4711 mundi
2731 4653 2796 4711 et
2839 4646 2950 4712 ho-

344 4766 561 4814 norem
621 4769 858 4833 eorum,
928 4752 987 4816 9.
1036 4755 1102 4817 et
1162 4751 1323 4817 dixit
1368 4750 1496 4816 illi:
1576 4749 1755 4815 Haec
1816 4749 2027 4814 omnia
2085 4752 2204 4817 tibi
2251 4751 2435 4831 dabO.
2500 4751 2553 4815 si
2613 4751 2950 4832 procidens

2575 4888 2638 4943 1*
