3484 5617
609 489 696 555 40
1354 486 1715 557 Euangelium
1754 485 2056 543 secundum
2102 487 2466 544 Matthaeum.
2723 447 2731 455 ²
2997 485 3099 543 sc.
3139 493 3248 545 27.

614 698 819 776 audis,
869 702 1106 779 quanta
1152 698 1496 763 aduersum
1557 704 1619 762 te
1671 699 1896 763 dicunt
1949 701 2362 765 testimonia?
2432 701 2525 766 14.
2573 702 2661 766 Et
2705 719 2829 765 non
2890 700 3249 783 respondit

586 802 673 879 fei
722 801 917 876 ullum
965 802 1248 880 uerbum,
1300 801 1389 866 ita
1438 809 1508 868 ut
1552 803 1894 867 miraretur
1941 820 2203 884 praeses
2251 802 2681 869 uehementer.
2737 806 2832 871 15.
2884 804 3002 869 Per
3052 804 3242 869 diem

587 910 830 983 ,autem
864 905 1230 974 sollemnem
1272 905 1687 972 consueberat
1733 924 2011 989 1111116363,
2045 907 2365 974 dimittere
2413 908 2645 990 populo
2685 925 2876 973 unum
2913 908 3241 987 uinctum,

616 1028 803 1091 quem
839 1009 1212 1075 uoluissent.
1266 1011 1360 1075 16.
1410 1009 1749 1075 Habebant
1796 1014 2010 1076 autem
2036 1012 2313 1077 uinctum
2357 1013 2699 1094 insignem,
2734 1013 2843 1096 qui
2890 1011 3248 1078 dicebatur

616 1116 962 1182 Barabbas.
1015 1118 1111 1181 17.
1162 1114 1582 1196 Congregatis
1630 1122 1844 1182 autem
1905 1117 2051 1195 11113,
2102 1118 2261 1182 dixit
2309 1117 2585 1184 Pilatus:
2649 1136 2838 1199 quem
2881 1117 3083 1182 uultis
3131 1116 3245 1180 di-

626 1222 907 1286 mittam?
959 1219 1311 1295 Barabban,
1363 1239 1441 1286 an
1486 1221 1729 1300 Jesum,
1789 1223 1895 1303 qui
1942 1223 2179 1288 dicitur
2228 1221 2695 1302 Christusne
2743 1221 2997 1288 Sciebat
3029 1222 3241 1296 enim,

619 1327 786 1408 quod
822 1345 934 1407 per
967 1326 1272 1391 inuidiam
1325 1326 1728 1392 tradiderant
1762 1345 1926 1393 eum.
1982 1330 2080 1394 19.
2129 1326 2406 1393 Sedente
2454 1334 2665 1393 autem
2705 1327 2814 1393 illo
2863 1347 2971 1409 pro
3015 1327 3244 1393 tribu-

616 1433 765 1509 nali,
829 1432 1003 1496 misit
1064 1432 1145 1496 ad
1207 1432 1386 1498 illum
1434 1452 1592 1496 uxor
1653 1432 1793 1497 eius
1857 1433 2107 1500 dicens:
2173 1433 2345 1498 Nihil
2405 1437 2494 1499 sit
2554 1434 2671 1499 tibi
2732 1439 2797 1499 et
2853 1436 3027 1498 iusto
3105 1433 3241 1496 illi.

617 1536 826 1603 Multa
872 1538 1039 1624 enim
1103 1554 1292 1620 passa
1338 1555 1476 1602 sum
1522 1537 1712 1603 hodie
1760 1558 1873 1621 per
1936 1540 2138 1603 uisum
2179 1544 2461 1621 ,propter
2507 1558 2670 1603 eum.
2742 1542 2842 1604 20.
2893 1539 3245 1620 Principes

617 1645 831 1707 autem
879 1643 1279 1707 sacerdotum
1340 1648 1402 1707 et
1452 1642 1738 1707 seniores
1786 1649 2248 1725 persuaserunt
2286 1643 2539 1726 populo,
2591 1650 2658 1708 ut
2722 1647 3017 1726 peterent
3065 1642 3238 1714 Bar·

616 1748 838 1825 raban,
901 1746 1125 1812 Jesum
1187 1764 1343 1811 uero
1409 1747 1772 1827 perderent.
1842 1749 1944 1812 21.
2007 1747 2423 1829 Respondens
2493 1753 2702 1813 autem
2766 1765 3028 1829 praeses
3097 1749 3240 1811 ait:

623 1849 822 1926 Quem
872 1851 1071 1916 uultis
1119 1851 1197 1915 de
1262 1851 1505 1916 duobus
1552 1850 1734 1916 uobis
1784 1851 2148 1916 dimittam?
2208 1852 2311 1916 Ad
2359 1853 2451 1918 illi
2500 1852 2795 1917 dixerunt
2857 1852 3242 1917 Barabban.

621 1958 723 2020 22.
761 1956 932 2022 Dicit
964 1955 1091 2021 illis
1127 1955 1407 2021 Pilatus:
1458 1956 1608 2036 quid
1644 1975 1798 2037 ergo
1831 1954 2136 2020 faciemus
2167 1956 2410 2041 Jesum,
2457 1958 2564 2037 qui
2596 1958 2830 2023 dicitur
2875 1954 3243 2024 Christus?

619 2062 721 2127 23.
785 2062 1027 2126 Dicunt
1087 2078 1336 2126 omnes:
1389 2057 1831 2142 Crucifigatur.
1910 2061 2021 2126 Ait
2082 2060 2209 2126 11113
2269 2079 2561 2143 praeses:
2629 2060 2795 2137 Quid
2856 2062 3029 2127 enim
3079 2064 3242 2128 mali

629 2166 785 2232 fecit
800 2166 842 2232 Ῥ,
878 2167 978 2230 Ad
1015 2165 1111 2230 illi
1144 2165 1342 2247 magis
1386 2166 1781 2231 clamabant:
1832 2162 2269 2248 Crucifigatur.
2319 2169 2418 2232 24.
2454 2166 2701 2232 Uidens
2732 2170 2946 2232 autem
2980 2168 3239 2233 Pilatus

598 2273 773 2353 ‘quia
816 2271 979 2336 nihil
1013 2268 1284 2353 proficit,
1336 2272 1449 2334 sed
1495 2271 1697 2352 magis
1730 2270 2071 2335 tumultum
2118 2269 2254 2334 fieri
2300 2272 2363 2335 in
2411 2272 2665 2353 populu,
2729 2278 2992 2353 accepta
3037 2291 3231 2353 aqua,

623 2378 785 2442 lauit
844 2394 1067 2441 manus
1130 2393 1343 2441 coram
1404 2375 1659 2456 populo,
1721 2375 1980 2441 dicens:
2055 2375 2366 2441 Innocens
2429 2395 2545 2457 ego
2614 2394 2753 2440 sum
2816 2396 2854 2441 a
2915 2378 3231 2459 sanguine

621 2482 832 2560 huius,
880 2497 994 2545 uos
1055 2479 1369 2545 uideritis.
1433 2479 1535 2545 25.
1585 2479 2003 2562 Respondeas
2076 2481 2377 2546 uniuersa
2436 2481 2626 2545 turba
2688 2481 2879 2545 dixit:
2950 2480 3210 2561 Sanguis

598 2587 763 2650 ,61113
809 2603 1145 2667 supernos
1193 2591 1257 2651 et
1290 2603 1485 2666 super
1514 2582 1679 2650 filios
1728 2589 2004 2651 nostros.
2054 2588 2155 2651 26.
2204 2586 2381 2651 Tunc
2414 2586 2657 2651 dimisit
2701 2584 2829 2651 illis
2863 2585 3211 2666 Barabban.

623 2690 848 2756 Jesum
896 2709 1047 2757 uero
1093 2689 1362 2771 flagellis
1409 2708 1662 2755 caesum
1710 2689 1996 2765 tradidit,
2047 2697 2118 2754 ut
2145 2692 2313 2754 cruci
2363 2709 2505 2756 eum
2553 2689 2840 2772 figerent.
2890 2692 2997 2756 27.
3047 2690 3225 2755 Tunc

625 2795 865 2861 milites
910 2793 1232 2876 praesidis
1278 2801 1705 2875 susceperunt
1751 2812 1895 2859 eum
1941 2795 2007 2859 in
2052 2796 2379 2877 praetorio
2434 2801 2500 2860 et
2544 2799 3105 2876 congregauerunt
3148 2795 3234 2858 ad

627 2921 767 2966 eum
831 2901 1192 2965 uniuersam
1255 2900 1596 2978 cohortem,
1670 2900 1774 2966 28.
1837 2903 1903 2963 61
1960 2899 2308 2964 induerunt
2366 2900 2643 2964 tunicam
2705 2918 3094 2981 purpuream
3169 2905 3237 2963 et

604 3006 969 3088 clamydem
1041 3004 1395 3069 coccineam
1447 3003 2003 3070 circumdederunt
2069 3004 2147 3068 ei.
2226 3006 2328 3069 29.
2399 3008 2463 3068 et
2530 3021 2823 3069 coronam
2894 3004 2972 3068 de
3018 3002 3238 3085 spinis

626 3114 978 3194 posuerunt
1025 3127 1220 3191 super
1267 3113 1460 3188 caput
1506 3106 1647 3173 eius
1714 3115 1780 3172 et
1824 3110 2198 3173 arundinem
2247 3108 2313 3172 in
2376 3108 2700 3173 dexteram
2762 3109 2917 3173 61113.
2984 3107 3072 3172 Et
3121 3110 3238 3175 ad-

624 3213 1069 3297 geniculantes
1115 3231 1185 3278 se
1233 3217 1380 3277 ante
1429 3231 1569 3276 61116
1619 3212 2009 3278 deludebant
2054 3214 2368 3279 dicentes:
2424 3213 2607 3278 Habe
2653 3232 2768 3277 rex
2812 3213 3234 3279 Judaeorum.

625 3322 727 3386 30.
775 3319 864 3384 Et
908 3323 1253 3399 expuentes
1304 3319 1371 3383 in
1412 3316 1641 3381 faciem
1669 3318 1810 3383 eius
1837 3322 2223 3399 acceperunt
2270 3317 2647 3383 arundinem
2680 3323 2746 3383 et
2775 3316 3239 3400 percutiebant

629 3429 819 3505 caput
866 3424 1022 3487 eius.
1071 3425 1174 3488 31.
1298 3421 1384 3485 Et
1451 3426 1789 3503 postquam
1872 3422 2211 3487 illuserunt
2272 3442 2435 3504 eum,
2505 3428 2818 3488 exuerunt
2877 3441 3022 3486 eum
3100 3421 3236 3486 cla-

604 3529 873 3612 mydem
921 3533 989 3592 et
1030 3527 1376 3591 induerunt
1422 3545 1563 3590 eum
1610 3525 1995 3592 uestimenta
2040 3528 2179 3594 eius
2224 3535 2290 3593 et
2336 3528 2678 3605 duxerunt,
2741 3534 2814 3593 ut
2860 3525 3030 3592 cruci
3082 3544 3237 3591 eum

630 3632 919 3714 figerent.
968 3634 1072 3698 32.
1121 3631 1449 3696 Exeuntes
1474 3632 1855 3697 inuenerunt
1899 3632 2214 3698 hominem
2244 3632 2640 3716 Cyrenaeum
2705 3633 3067 3697 uenientem
3115 3632 3237 3696 ob—

627 3741 796 3804 uiam
842 3738 982 3817 sibi,
1032 3738 1198 3802 hunc
1243 3738 1746 3819 angarianerunt
1808 3741 1879 3801 ut
1923 3738 2181 3803 tolleret
2228 3757 2482 3804 crucem
2529 3740 2685 3804 eius.
2748 3739 2851 3804 33.
2899 3736 2987 3801 Et
3033 3755 3236 3801 uene-

629 3848 777 3910 runt
827 3843 893 3907 in
953 3843 1181 3923 locum,
1231 3844 1336 3923 qui
1403 3842 1638 3907 dicitur
1699 3842 2036 3926 Golcotha‚
2101 3844 2267 3923 quod
2332 3849 2431 3908 est
2479 3841 2815 3908 Caluariae
2873 3841 3075 3907 locus.
3119 3842 3235 3907 34.

629 3952 717 4015 Et
760 3949 1075 4014 dederunt
1130 3949 1191 4012 ei
1240 3949 1457 4013 bibere
1503 3950 1719 4012 uinum
1786 3967 1926 4012 cum
1972 3946 2121 4012 felle
2182 3949 2463 4012 mixtum.
2529 3948 2613 4014 Et
2678 3966 2819 4013 cum
2882 3950 3237 4028 gustasset,

603 4054 836 4121 ‘noluit
881 4053 1119 4117 bibere.
1163 4053 1265 4119 35.
1313 4052 1659 4133 Postquam
1705 4057 1917 4118 autem
1966 4049 2412 4117 crucifixerunt
2468 4072 2631 4130 eum,
2682 4053 3041 4118 diuiserunt
3102 4050 3240 4117 sibi

631 4161 1012 4225 uestimenta
1060 4159 1197 4224 eius
1243 4165 1479 4223 sortem
1527 4159 1879 4232 mittentes,
1930 4163 2000 4230 ut
2042 4158 2417 4240 impleretur
2463 4160 2630 4238 quod
2678 4158 2918 4223 dictum
2966 4161 3069 4222 est
3112 4177 3241 4240 per

627 4264 937 4345 profetam
988 4264 1344 4329 dicentem:
1393 4261 1751 4326 diuiserunt
1798 4263 1918 4327 sibi
1966 4263 2351 4327 uestimenta
2394 4283 2555 4329 mea.
2603 4262 2689 4327 Et
2737 4280 2930 4344 super
2978 4265 3239 4346 uestem

631 4388 835 4436 meam
881 4368 1190 4434 miserunt
1221 4373 1478 4436 sortem.
1529 4369 1633 4433 36.
1680 4368 1767 4432 Et
1799 4368 2099 4432 sedentes
2147 4369 2495 4433 seruabant
2540 4386 2704 4433 eum.
2751 4369 2854 4435 37.
2902 4366 2989 4432 Et
3037 4385 3240 4447 posu-

631 4479 817 4539 erunt
856 4477 1286 4555 supe1·;0aput
1317 4473 1454 4537 eius
1493 4491 1747 4537 causam
1794 4472 1933 4537 eius
1966 4474 2303 4555 scriptam:
2353 4473 2475 4538 Hic
2523 4478 2624 4538 est
2657 4491 2766 4537 rex
2807 4472 3240 4540 Judaeorum.

630 4581 730 4644 38:
759 4579 936 4644 Tunc
961 4576 1242 4643 crucifixi
1286 4582 1435 4642 sunt
1458 4595 1600 4642 61161
1626 4595 1702 4643 eo
1744 4577 1866 4643 duo
1894 4578 2194 4656 latrones,
2241 4596 2405 4643 unus
2430 4597 2467 4641 a
2507 4579 2745 4643 dextris
2772 4580 3244 4645 atauus-asi-

610 4684 869 4749 <nistris
920 4685 1022 4748 39.
1055 4682 1485 4749 Transeuntes
1517 4688 1725 4748 autem
1754 4683 2280 4764 blasphemabant
2311 4702 2473 4760 eum,
2509 4688 2841 4748 mouentes
2873 4680 3088 4763 capita
3111 4700 3243 4749 sua

633 4794 701 4860 et
738 4788 1057 4880 dicentes:
1105 4790 1205 4856 40.
1253 4788 1352 4856 Ua
1397 4789 1501 4877 qui
1549 4786 1926 4855 destruebas
1969 4787 2271 4870 templum
2321 4787 2425 4852 doi
2458 4795 2522 4854 et
2569 4787 2633 4854 in
2678 4787 2893 4856 triduo
2937 4785 3089 4856 illut
3133 4807 3241 4857 re-
