3484 5617
344 485 400 541 C.
442 491 521 539 18.
1089 483 1456 552 Euangelium
1495 482 1796 539 secundum
1834 484 2193 540 Matthaeum.
2859 487 2944 553 25

337 691 664 758 ecclesiae.
713 692 780 758 Si
828 696 1040 758 autem
1089 690 1424 758 ecclesiam
1480 710 1606 757 non
1654 690 1952 771 audierit,
2017 693 2103 757 sit
2148 693 2267 758 tibi
2316 693 2483 758 sicut
2530 693 2820 759 ethnicus
2868 700 2933 759 et

335 797 734 879 publicanus,
790 797 886 862 18.
935 798 1135 862 Amen
1181 797 1323 862 dico
1356 794 1572 860 tubis:
1624 796 2074 877 Quaecumque
2119 797 2544 879 alligaueritis
2576 816 2769 881 super
2813 804 2941 864 ter·

335 921 490 980 ram,
542 906 730 966 erunt
760 901 1023 985 alligata
1055 906 1121 967 ct
1162 902 1227 966 in
1261 899 1457 982 caelo,
1505 906 1570 965 et
1594 919 2034 983 quaecumque
2081 902 2410 967 solueritis
2458 922 2649 985 super
2681 908 2937 984 terram,

337 1011 528 1071 erunt
573 1008 781 1071 soluta
829 1012 893 1072 et
940 1008 1004 1070 in
1051 1007 1249 1071 caelo.
1319 1007 1415 1071 19.
1469 1006 1736 1070 Iterum:
1804 1024 1987 1070 amen
2036 1007 2178 1072 dico
2238 1007 2442 1091 uobis,
2509 1009 2659 1089 quia
2724 1008 2777 1075 si
2827 1010 2938 1073 du-

333 1110 491 1176 obus
539 1129 617 1175 ex
664 1110 848 1176 uobis
897 1111 1269 1176 conuenerit
1301 1129 1495 1191 supra
1541 1116 1796 1185 terram,
1850 1111 1927 1175 de
1974 1112 2142 1176 omni
2189 1129 2260 1176 re
2307 1131 2744 1194 quaecumque
2779 1114 2942 1195 peti-

337 1215 550 1293 eritis,
597 1213 708 1279 fiet
756 1215 939 1280 uobis
986 1235 1024 1280 a
1071 1222 1254 1298 patre
1300 1234 1461 1294 lne0,
1524 1216 1630 1297 qui
1680 1216 1742 1280 in
1795 1214 1987 1280 caelis
2037 1219 2156 1280 est.
2248 1218 2351 1282 20.
2405 1216 2531 1282 Ubi
2579 1217 2741 1282 enim
2790 1223 2940 1283 sunt

335 1319 460 1384 duo
524 1320 628 1384 uel
690 1323 825 1383 tres
890 1320 1258 1401 congregati
1324 1320 1385 1383 in
1436 1318 1685 1384 nomine
1748 1338 1909 1397 me0,
1972 1320 2060 1384 ibi
2108 1326 2174 1385 et
2234 1339 2350 1403 ego
2397 1340 2536 1386 sum
2601 1323 2665 1387 in
2726 1323 2940 1387 medio

332 1443 569 1489 eorum.
619 1426 719 1488 21.
769 1423 947 1487 Tunc
994 1424 1308 1489 accedens
1353 1423 1434 1486 ad
1484 1441 1624 1487 eum
1672 1423 1901 1488 Petrus
1950 1423 2110 1487 dixit
2156 1425 2246 1489 ei:
2297 1425 2569 1506 domine,
2617 1426 2670 1491 si
2719 1445 2936 1509 pecca-

335 1526 502 1593 berit
559 1528 624 1591 in
671 1546 770 1592 me
832 1530 1030 1593 frater
1074 1546 1273 1607 meus,
1339 1527 1634 1608 quotiens
1695 1527 2018 1593 remittam
2065 1528 2171 1594 ei‘?
2232 1548 2433 1611 usque
2491 1529 2781 1612 septies?
2827 1533 2930 1597 22.

331 1631 504 1696 Dicit
550 1631 642 1696 illi
689 1631 917 1697 Jesus:
980 1631 1122 1698 Non
1189 1632 1329 1696 dico
1376 1632 1494 1696 tibi
1558 1650 1759 1713 usque
1822 1633 2081 1716 septieS,
2145 1633 2256 1698 sed
2307 1652 2506 1715 usque
2569 1635 2938 1717 septuagies

337 1741 404 1800 et
451 1737 710 1819 septies.
760 1738 863 1804 23.
897 1737 1050 1801 Ideo
1083 1736 1306 1803 similis
1339 1744 1437 1802 est
1467 1738 1725 1803 habitus
1774 1739 1951 1819 regni
1999 1737 2321 1804 caelorum
2355 1738 2590 1805 homini
2639 1740 2796 1820 regi,
2831 1742 2939 1822 qui

332 1840 537 1906 uoluit
566 1842 877 1906 rationem
909 1861 1145 1923 ponere
1178 1860 1316 1906 cum
1353 1849 1559 1907 seruis
1593 1844 1744 1908 suis.
1796 1845 1896 1908 24.
1944 1842 2031 1907 Ε(
2080 1860 2218 1908 cum
2254 1844 2573 1925 coepisset
2620 1845 2934 1909 rationem

331 1963 592 2029 ponere,
654 1947 904 2011 oblatus
965 1951 1066 2012 est
1112 1948 1169 2013 ei
1219 1966 1397 2026 unus,
1461 1937 1567 2029 qui
1615 1948 1667 2011 X
1722 1948 1995 2012 debebat
2040 1947 2214 2013 milia
2275 1946 2538 2013 talenta.
2601 1949 2704 2014 25„
2776 1948 2932 2014 Cum

329 2055 542 2114 autem
591 2068 714 2114 non
764 2050 1027 2116 haberet
1091 2051 1257 2116 unde
1301 2051 1623 2129 redderet,
1691 2051 1880 2117 iussit
1925 2070 2070 2115 eum
2134 2051 2422 2116 dominus
2468 2052 2608 2116 eius
2669 2071 2932 2120 uenum-

332 2154 472 2219 dari
516 2160 581 2219 et
628 2174 887 2220 uxorem
951 2156 1090 2220 eius
1137 2161 1201 2221 et
1245 2155 1412 2221 filios
1460 2161 1525 2221 et
1585 2156 1816 2235 onmia,
1879 2174 2041 2238 quae
2090 2154 2385 2235 habebat,
2450 2163 2517 2220 et
2577 2157 2760 2221 reddi
2826 2158 2933 2223 de-

327 2259 548 2324 bitum.
639 2262 742 2326 26.
794 2260 1142 2327 Procidens
1175 2265 1414 2326 ‘autem
1462 2279 1694 2326 seruus
1742 2259 1849 2326 ille
1911 2261 2139 2327 orabat
2188 2279 2329 2325 eum
2380 2261 2632 2326 dicens:
2681 2264 2933 2343 patien—

326 2365 480 2429 tiam
530 2365 709 2445 habe,
759 2365 1025 2446 domine,
1076 2370 1140 2429 et
1201 2366 1411 2430 omnia
1474 2365 1757 2430 reddam.
1830 2366 1931 2430 27.
1999 2365 2305 2430 Misertus
2367 2369 2577 2430 autem
2640 2366 2933 2432 dominus

326 2471 495 2534 serui
543 2469 719 2534 illius
783 2471 1024 2535 dimisit
1070 2489 1231 2551 eum,
1280 2476 1345 2536 et
1401 2471 1684 2536 debitum
1740 2470 1985 2535 remisit
2031 2470 2111 2534 ei.
2183 2471 2284 2536 28.
2334 2470 2654 2553 Egressus
2719 2475 2931 2536 autem

326 2593 552 2640 seruus
611 2576 721 2640 ille
768 2575 1013 2640 inuenit
1072 2596 1264 2641 unum
1329 2596 1405 2641 ex
1469 2576 1795 2642 conseruis
1843 2577 1994 2655 suiS,
2068 2575 2175 2657 qui
2226 2575 2497 2640 debebat
2559 2574 2617 2638 ei
2682 2580 2933 2640 centum

327 2680 642 2757 denarios,
690 2685 756 2744 et
799 2685 1025 2745 tenens
1073 2681 1430 2746 suffocabat
1467 2701 1608 2747 eum
1659 2682 1917 2746 dicens:
1965 2681 2186 2745 Redde
2234 2680 2400 2762 quod
2449 2680 2663 2745 debeS.
2712 2682 2814 2745 29.
2851 2680 2936 2743 Ε(

329 2784 663 2864 procidens
710 2802 1057 2850 conseruus
1089 2786 1227 2849 eius
1275 2787 1545 2865 rogabat
1585 2804 1727 2850 eum
1778 2787 2034 2851 dicens:
2087 2784 2453 2866 patientiam
2501 2784 2665 2848 habe
2699 2785 2761 2848 in
2811 2803 2930 2865 me,

327 2892 392 2950 et
415 2887 678 2951 reddam
724 2888 861 2953 tibi.
909 2890 1012 2954 30.
1038 2890 1155 2953 Ille
1202 2894 1417 2953 autem
1440 2889 1666 2969 noluit,
1715 2890 1822 2955 sed
1854 2889 2059 2953 habiit
2086 2894 2151 2953 et
2174 2888 2349 2953 misit
2398 2889 2627 2953 eumin
2656 2906 2930 2967 carcere,

326 2991 527 3055 donec
585 2992 882 3057 redderet
943 2992 1247 3058 debitum.
1339 2997 1441 3060 31.
1504 2993 1817 3059 Uidentes
1880 2999 2094 3059 autem
2156 2994 2450 3059 conserui
2512 2993 2702 3071 illius,
2766 3011 2931 3074 quae

324 3094 584 3175 fiebant,
635 3098 995 3163 contristati
1042 3103 1191 3162 sunt
1221 3103 1287 3163 et
1332 3102 1648 3162 uenerunt
1681 3101 1748 3164 et
1780 3103 2203 3163 narrauerunt
2250 3097 2503 3162 domino
2551 3117 2664 3162 suo
2696 3097 2928 3175 omnia,

326 3201 700 3281 quaefacta
760 3207 962 3268 orant.
1032 3203 1135 3267 32.
1197 3203 1376 3267 Tunc
1439 3203 1698 3269 uocauit
1759 3222 1903 3270 eum
1951 3201 2240 3268 dominus
2302 3221 2472 3285 suuS,
2535 3207 2600 3267 et
2646 3202 2737 3266 ait
2795 3202 2925 3267 illi:

324 3304 524 3369 Serue
557 3325 843 3387 nequam,
895 3326 1078 3372 omne
1112 3308 1393 3373 debitum
1426 3308 1640 3372 remisi
1674 3308 1813 3388 tibi,
1862 3308 2155 3390 quoniam
2203 3307 2442 3389 rogasti
2486 3326 2605 3385 ine,
2653 3307 2755 3372 33.
2805 3326 2927 3371 uon

323 3429 469 3492 ergo
517 3412 799 3493 oportuit
858 3415 922 3476 te
968 3431 1222 3494 quoque
1270 3414 1560 3478 misereri
1618 3431 1928 3478 conseruo
1976 3400 2121 3491 tub,
2158 3413 2324 3477 sicut
2374 3417 2452 3476 et
2485 3430 2601 3493 ego
2662 3412 2757 3477 tui
2804 3413 2917 3475 rni-

322 3522 533 3580 sertus
568 3517 748 3581 sum?
792 3519 894 3583 34.
966 3518 1054 3582 Et
1085 3517 1286 3583 iratus
1341 3518 1634 3583 dominus
1683 3518 1819 3583 eius
1868 3516 2139 3582 tradidit
2198 3535 2342 3580 eum
2389 3516 2755 3595 tortoribus,
2802 3535 2926 3597 quo

321 3622 399 3685 ad
448 3640 647 3703 usque
691 3622 993 3686 redderet
1051 3622 1416 3687 uniuersum
1466 3622 1766 3688 debitum.
1832 3624 1934 3690 35.
1984 3622 2088 3689 Sic
2135 3627 2203 3686 et
2248 3623 2431 3687 uobis
2493 3620 2688 3687 faciet
2731 3625 2921 3702 pater

322 3745 519 3809 meus,
566 3726 671 3809 qui
722 3728 784 3790 in
833 3728 1027 3791 caelis
1073 3731 1192 3803 est,
1263 3729 1318 3792 si
1364 3746 1486 3793 non
1535 3728 1915 3792 remiseritis
1959 3727 2397 3807 unusquisque
2440 3725 2625 3791 fratri
2674 3744 2789 3790 suo
2837 3725 2914 3789 de

323 3833 622 3897 cordibus
668 3833 926 3899 uestris.

528 4144 725 4213 x1x.
782 4149 839 4212 1.
887 4146 972 4209 Et
1015 4145 1248 4210 factum
1284 4150 1403 4225 est,
1453 4165 1591 4210 cun
1637 4146 1891 4210 locutus
1925 4151 2095 4212 esset
2127 4164 2452 4211 sermones
2491 4145 2653 4210 istos
2701 4144 2917 4223 JesuS,

320 4251 645 4316 transtulit
691 4271 761 4317 se
808 4271 844 4315 a
892 4252 1183 4317 Galilaea
1229 4256 1294 4316 et
1341 4251 1519 4316 uenit
1586 4251 1650 4316 in
1698 4249 1858 4316 fines
1905 4250 2190 4317 Judaeae
2239 4258 2416 4315 trans
2460 4249 2497 4314 J
2509 4251 2810 4329 ordanen,
2859 4253 2917 4315 2.

322 4362 384 4422 6(
432 4362 687 4422 secutae
719 4363 867 4423 sunt
889 4376 1032 4422 eum
1080 4355 1308 4421 turbae
1351 4356 1613 4440 multae,
1664 4362 1730 4421 et
1775 4356 2028 4421 curauit
2077 4376 2186 4422 eos
2234 4356 2340 4421 ibi.
2390 4357 2448 4421 3.
2497 4355 2583 4419 Et
2629 4373 2920 4420 accesse-

319 4468 466 4526 runt
509 4462 591 4526 ad
638 4481 780 4526 cum
830 4459 1153 4526 Pharisaei
1200 4464 1586 4543 temptantes
1635 4476 1780 4525 eum
1819 4465 1887 4526 et
1933 4461 2259 4527 dicentes:
2352 4459 2416 4524 Si
2482 4461 2633 4524 licet
2677 4459 2918 4554 homini

322 4567 642 4632 dimittere
678 4586 933 4632 uxorem
967 4585 1144 4631 suam
1196 4584 1592 4648 quacumque
1639 4584 1717 4628 ex
1778 4567 2017 4630 causa?
2063 4567 2122 4630 4.
2170 4566 2257 4629 Ε(
2288 4564 2683 4647 respondens
2717 4563 2911 4629 Jesus

322 4670 411 4734 ait
455 4671 617 4736 illis:
687 4671 828 4737 Non
875 4671 1146 4753 legistis,
1200 4669 1348 4751 quia
1394 4670 1501 4749 qui
1547 4666 1703 4733 fecit
1748 4670 2098 4734 masculum
2149 4674 2214 4734 6(
2258 4668 2559 4733 feminam
2605 4669 2684 4734 ab
2731 4667 2915 4732 initio

320 4774 470 4840 fecit
515 4779 675 4845 eos?
736 4780 803 4844 et
849 4776 1044 4842 dixit:
1113 4778 1173 4845 5.
1223 4773 1493 4855 Propter
1537 4771 1659 4837 hoc
1718 4772 2042 4852 relinquet
2111 4773 2295 4838 homo
2360 4783 2606 4855 patrem
2671 4776 2734 4837 et
2790 4791 2916 4835 ma-
