3484 5617
348 489 405 545 C.
447 499 527 547 14.
1123 493 1487 563 Euangelium
1525 493 1823 550 secundum
1858 493 2159 548 Lucanum.
2821 496 2941 562 105

344 721 466 781 me,
517 720 645 769 non
694 708 909 786 potest
956 723 1101 771 esse
1149 724 1328 770 meus
1379 703 1748 786 discipulus.
1820 707 1923 771 28.
1972 704 2131 782 Quis
2192 724 2270 770 ex
2313 703 2499 769 uobis
2543 702 2767 769 uolens
2812 707 2945 769 tur·
3033 760 3036 761 ⁷

344 825 481 872 rem
529 807 890 890 aedificare,
962 830 1084 875 non
1130 811 1310 893 prius
1357 811 1590 876 sedens
1638 809 2034 889 computauit
2078 815 2391 892 sumptus,
2439 804 2547 890 qui
2596 811 2944 874 necessarii

343 917 510 992 sunt,
558 915 613 978 si
657 914 850 980 habet
921 916 1002 980 ad
1050 914 1654 980 consummandum?
1732 917 1834 979 29.
1884 933 1965 979 ne
2012 919 2427 997 posteaquam
2477 914 2760 995 posuerit
2805 912 2945 978 fun-

346 1018 703 1084 damentum
751 1025 817 1086 et
861 1039 990 1085 non
1036 1021 1319 1102 potuerit
1366 1038 1827 1103 consummare,
1876 1038 2112 1103 omnes,
2160 1021 2269 1103 qui
2314 1019 2647 1098 uidebant,
2696 1018 2943 1084 dicent:

344 1123 447 1190 30.
494 1123 620 1189 Hic
663 1124 850 1192 homo
897 1128 1108 1207 coepit
1155 1124 1496 1191 aedificare
1562 1129 1627 1189 et
1672 1143 1796 1190 non
1846 1126 2052 1206 potuit
2115 1141 2574 1190 consummare.
2661 1125 2766 1188 31.
2814 1124 2946 1187 Aut

347 1227 488 1310 quis
533 1248 647 1293 rex
692 1231 900 1297 iturus
949 1230 1344 1296 committere
1393 1230 1626 1296 bellum
1701 1230 2016 1295 aduersus
2066 1230 2261 1295 alium
2310 1248 2543 1313 regem,
2592 1248 2715 1295 non
2760 1229 2939 1311 prius

347 1333 574 1399 sedens
621 1336 944 1417 cogitabit,
992 1338 1048 1402 si
1090 1337 1379 1418 potuerit
1425 1355 1563 1400 cum
1612 1337 1668 1399 X
1716 1334 1976 1401 milibus
2037 1335 2299 1401 obuiare
2346 1335 2424 1414 ei,
2474 1335 2584 1416 qui
2628 1352 2771 1399 cum
2818 1334 2938 1399 XX

345 1437 603 1503 milibus
672 1442 852 1506 uenit
921 1442 1234 1506 aduersus
1282 1441 1399 1507 se?
1489 1442 1593 1508 32.
1645 1441 1948 1523 Alioquin
2015 1439 2225 1505 adhuc
2293 1439 2402 1504 illo
2449 1440 2636 1522 longe
2684 1444 2935 1522 agente,

343 1542 726 1624 legationem
773 1547 988 1612 mittet
1033 1566 1265 1629 rogans
1310 1565 1554 1628 pacem.
1645 1548 1748 1612 33.
1798 1544 1901 1611 Sic
1945 1565 2100 1628 ergo
2148 1564 2226 1610 ex
2287 1545 2468 1612 uobis
2514 1546 2624 1627 qui
2670 1565 2794 1611 non
2838 1564 2935 1612 re-

343 1649 593 1712 nuntiat
637 1651 950 1729 omnibus,
998 1669 1162 1733 quae
1209 1651 1513 1735 possidet,
1562 1669 1683 1716 non
1736 1655 1952 1732 potest
1996 1668 2177 1714 meus
2223 1649 2575 1733 discipulus
2621 1669 2781 1717 esse.
2830 1653 2933 1716 34.

341 1753 588 1818 Bonum
635 1759 736 1821 est
800 1756 914 1832 sal,
984 1755 1098 1820 sed
1145 1757 1198 1820 si
1247 1755 1344 1820 sal
1393 1774 1645 1837 quoque
1692 1756 2049 1839 eminuerit,
2120 1755 2187 1819 in
2232 1773 2355 1836 quo
2402 1755 2783 1821 condietur?
2829 1756 2930 1821 35.

340 1857 566 1940 Neque
632 1860 698 1925 in
743 1863 999 1942 terram,
1072 1880 1281 1943 neque
1351 1862 1429 1949 in
1482 1860 1856 1928 sterculinio
1929 1861 2083 1925 utile
2132 1866 2249 1944 est,
2320 1859 2433 1925 sed
2480 1858 2636 1925 foris
2683 1861 2939 1924 mittent

339 1981 503 2029 enm.
553 1963 676 2041 Qui
723 1965 960 2030 habent
1003 1985 1193 2031 aures
1239 1966 1545 2031 audiendi
1591 1967 1831 2032 audiat.

547 2173 704 2243 XV.
758 2179 812 2241 1.
862 2175 1067 2242 Erant
1132 2182 1349 2242 autem
1409 2177 1696 2260 adpliciti
1744 2177 1838 2243 illi
1896 2176 2223 2259 publicani
2281 2180 2348 2242 et
2414 2178 2804 2257 peccatores,
2866 2129 2962 2240 ut-

340 2279 643 2347 audirent
710 2280 909 2346 iilum.
1001 2285 1064 2347 2.
1112 2283 1200 2349 Et
1244 2282 1726 2348 murmurabant
1773 2282 2106 2347 Pharisaei
2174 2285 2243 2346 et
2288 2281 2556 2357 scribae,
2618 2280 2788 2362 quod
2833 2280 2937 2345 hic

338 2389 711 2466 peccatores
755 2387 1078 2468 reciperet
1118 2393 1187 2453 et
1233 2387 1648 2452 manducaret
1674 2406 1817 2451 cum
1864 2383 2013 2452 illis.
2062 2388 2121 2452 3.
2149 2386 2233 2450 Et
2278 2384 2373 2451 ait
2416 2387 2497 2449 ad
2542 2385 2688 2452 illos
2713 2384 2934 2451 simili-

336 2489 619 2555 tudinem
666 2490 868 2557 hanc:
915 2493 976 2557 4.
1028 2491 1186 2568 Quis
1233 2511 1311 2556 ex
1358 2492 1542 2559 uobis
1589 2493 1796 2570 homo,
1846 2492 1957 2573 qui
2001 2489 2200 2555 habet
2244 2495 2493 2556 centum
2543 2509 2719 2569 oues,
2768 2494 2835 2554 et
2878 2491 2936 2555 si

339 2597 656 2661 errauerit
724 2615 850 2661 una
892 2615 974 2660 ex
1022 2597 1141 2671 eis,
1201 2615 1324 2661 non
1386 2597 1739 2660 dimitteret
1782 2593 2092 2659 XCVIIII
2150 2596 2215 2659 in
2263 2595 2517 2661 deserto
2563 2601 2631 2659 et
2674 2594 2810 2660 abit
2855 2597 2937 2659 ad

338 2700 533 2780 illam,
583 2719 747 2783 quae
795 2703 1132 2780 errauerit,
1181 2701 1381 2767 donec
1427 2701 1712 2765 inueniat
1754 2699 1943 2765 eam?
1990 2703 2047 2766 5.
2097 2701 2184 2764 Et
2231 2718 2370 2764 cum
2431 2700 2751 2764 inuenerit
2794 2718 2934 2765 eam

468 2856 483 2870 .
532 2856 546 2871 .
593 2825 733 2872 eam
781 2807 844 2871 in
890 2806 1191 2871 humeros
1257 2823 1428 2888 suoS,
1490 2808 1547 2871 6.
1601 2809 1667 2868 et
1711 2804 1978 2870 ueniens
2041 2805 2296 2870 domum
2342 2809 2651 2870 conuocat
2694 2804 2932 2871 amicos

338 2915 405 2976 et
448 2911 696 2976 uicinos
743 2912 961 2977 dicens
1007 2912 1169 2978 illis:
1235 2909 1783 2991 Congratulamini
1829 2926 2093 2989 mecum,
2142 2911 2291 2993 quia
2334 2910 2600 2974 inuenta
2646 2914 2744 2973 est
2790 2908 2933 2975 ouis

341 3033 501 3095 mea,
548 3035 711 3099 quae
760 3019 1054 3099 perierat.
1108 3018 1164 3082 7.
1215 3017 1372 3082 Dico
1419 3015 1601 3080 uobis
1647 3015 1815 3095 quod
1861 3016 1952 3080 ita
1996 3015 2296 3098 gaudium
2342 3013 2469 3079 erit
2513 3014 2576 3078 in
2624 3014 2844 3078 caelo.

347 3127 670 3200 peccatore
720 3172 735 3186 .
783 3171 797 3187 .
848 3173 861 3187 .
912 3173 928 3187 .
997 3121 1457 3205 paenitentiam
1526 3119 1788 3184 habenti
1858 3139 2043 3202 quam
2091 3121 2157 3185 in
2201 3118 2506 3185 XCVIIII
2548 3119 2774 3200 ·iusti8‚
2822 3121 2935 3200 qui

345 3243 465 3290 non
509 3227 795 3308 indigent
845 3226 1319 3308 paenitentiam.
1390 3228 1451 3292 8.
1499 3224 1630 3291 Aut
1675 3243 1840 3307 quae
1886 3226 2114 3291 mulier
2179 3225 2422 3290 habens
2484 3225 2776 3291 dracmas
2821 3224 2931 3289 de·

339 3349 491 3418 cem,
540 3333 594 3397 si
644 3333 996 3416 perdiderit
1041 3351 1253 3411 unam,
1318 3349 1527 3397 nonne
1576 3331 1869 3395 accendit
1920 3329 2253 3396 'lucernam
2302 3334 2368 3395 et
2411 3329 2624 3413 scopis
2672 3331 2932 3395 munda·
2979 3408 2980 3411 Ἴ

333 3437 431 3501 uit
479 3438 732 3503 domum
778 3443 845 3503 et
891 3439 1148 3519 quaerit
1212 3436 1575 3519 diligenter,
1638 3437 1839 3500 donec
1902 3437 2233 3503 inueniat?
2324 3439 2383 3502 9.
2431 3437 2521 3502 Et
2566 3455 2708 3501 cum
2754 3437 2932 3500 inue-

332 3542 521 3621 nerit,
571 3548 883 3608 conuocat
933 3543 1168 3608 amicas
1216 3547 1283 3607 et
1330 3542 1575 3607 uicinas
1625 3541 1878 3606 dicens:
1944 3540 2494 3622 Congratulamini
2542 3541 2714 3619 mihi,
2762 3540 2934 3622 quod

334 3648 551 3713 inueni
598 3648 941 3714 dracmam.
1039 3650 1137 3714 10.
1185 3648 1284 3712 Ita
1333 3648 1473 3712 dico
1519 3645 1720 3722 uobis,
1792 3647 1885 3709 sic
1943 3645 2242 3726 gaudium
2309 3644 2458 3709 erit.
2487 3656 2642 3709 ‘cum
2688 3643 2930 3726 angelis

334 3752 438 3816 dei
486 3753 551 3817 in
597 3758 934 3834 peccatore
982 3752 1438 3834 paenitentiam
1488 3751 1720 3833 agenti.
1808 3753 1906 3815 11.
1955 3748 2043 3812 Et
2084 3748 2209 3812 ait:
2259 3747 2464 3812 Homo
2510 3747 2767 3829 quidam
2813 3746 2924 3811 ha-

328 3857 470 3922 buit
515 3858 685 3923 duos·
744 3857 931 3938 filios,
1005 3860 1085 3923 12
1130 3862 1195 3923 et
1240 3857 1403 3921 dixit
1449 3854 2098 3920 illi'adulescentior:
2149 3859 2353 3934 pater,
2401 3854 2482 3918 da
2528 3853 2684 3919 mihi
2728 3854 2927 3936 porti-

330 3981 514 4027 onem
560 3964 976 4040 substantiae‚
1052 3981 1216 4044 quae
1275 3980 1376 4026 me
1423 3961 1752 4042 contingit.
1807 3959 1929 4023 Et
1975 3958 2200 4024 diuisit
2257 3957 2435 4023 illius
2481 3957 2926 4023 substantiam.

336 4070 431 4134 13.
480 4067 566 4133 Et
611 4087 738 4134 non
784 4072 929 4150 post
973 4068 1207 4132 multos
1255 4068 1394 4133 dies
1440 4066 1884 4147 congraegatis
1916 4064 2209 4130 omnibus
2240 4063 2718 4129 adulescentior
2760 4062 2928 4128 filius

332 4192 597 4255 peregre
644 4172 970 4255 profectus
1010 4177 1111 4238 est
1157 4174 1221 4238 in
1271 4174 1597 4255 regionem
1643 4172 2076 4252 longinquam,
2140 4173 2207 4233 et
2252 4169 2340 4234 ibi
2386 4170 2735 4251 dissipauit
2778 4168 2924 4233 sub-

330 4279 629 4343 stantiam
675 4297 853 4344 suam
899 4279 1183 4343 uiuendo
1230 4278 1575 4344 luxuriose.
1653 4278 1749 4342 14.
1798 4276 1887 4340 Et
1930 4278 2268 4357 postquam
2336 4275 2550 4339 omnia
2595 4291 2927 4355 consump-

328 4385 432 4467 sit,
500 4388 669 4451 iacta
735 4390 836 4451 est
878 4383 1080 4450 fames
1148 4402 1268 4466 per
1336 4383 1660 4465 regionem
1696 4382 1931 4464 illam,
2004 4388 2073 4447 et
2132 4381 2347 4463 coepit
2413 4386 2480 4445 et
2538 4381 2677 4460 ipse
2740 4396 2926 4461 egere

262 4536 283 4543 ιι
327 4490 585 4556 uictum.
639 4494 736 4557 15.
783 4492 870 4557 Et
917 4491 1076 4557 abiit
1123 4494 1187 4555 et
1234 4489 1551 4569 adplicuit
1596 4507 1665 4553 se
1711 4488 1963 4553 cuidam
2012 4487 2248 4552 ciuium
2294 4486 2574 4570 regionis
2618 4484 2811 4564 illius,
2861 4488 2930 4549 et

325 4597 385 4663 is
428 4598 606 4662 misit
648 4596 825 4661 illum
873 4598 936 4661 in
984 4597 1139 4661 uilla
1170 4614 1320 4673 sua,
1383 4600 1455 4658 ut
1499 4595 1798 4676 pasceret
1843 4611 2093 4675 porcos..
2189 4595 2287 4660 16.
2338 4592 2421 4655 Et
2469 4589 2765 4672 cupiebat
2811 4590 2922 4653 im-

325 4704 503 4789 plere
549 4709 836 4769 uentrem
899 4722 1082 4769 suum
1129 4701 1209 4769 de
1256 4699 1526 4784 siliquis»,
1596 4717 1757 4783 quae
1826 4700 2004 4781 porci
2072 4697 2556 4779 manducabant,
2624 4700 2689 4761 et
2735 4713 2919 4760 nemo

325 4809 422 4879 illi
471 4809 681 4877 dabat.
736 4813 834 4879 17.
884 4810 957 4876 In
1006 4829 1076 4879 se
1123 4816 1335 4877 autem
1383 4825 1733 4875 conuersus
1782 4806 1974 4873 dixit:
2025 4805 2244 4889 quanti
2288 4802 2671 4868 mercenarii
2715 4801 2923 4885 patris
