3484 5617
324 448 380 502 c,
420 452 506 502 20.
1097 444 1462 514 Euangelium
1500 444 1800 501 secundum
1837 446 2140 501 Lucanum.
2812 456 2923 519 111

322 659 476 743 quia
534 660 783 724 statura
842 656 1113 738 pusillus
1173 661 1330 722 erat.
1403 658 1465 722 4.
1527 656 1616 721 Et
1674 675 2094 738 praecurrens
2158 660 2451 724 ascendit
2517 660 2579 724 in
2642 663 2935 726 arborem

323 780 721 846 sycomorum
771 765 844 825 ut
887 762 1140 827 uideret
1189 761 1388 844 illum,
1462 762 1614 842 quia
1659 760 1773 826 illa
1833 768 2017 844 parte
2065 767 2204 828 erat
2266 765 2678 832 transiturus.
2739 767 2803 832 5.
2850 766 2938 830 Et

322 869 564 934 factum
625 871 744 945 est,
807 886 950 933 curn
1009 866 1321 931 transiret
1382 866 1595 946 Jesus,
1662 867 1831 931 uidit
1892 867 2070 933 illum
2134 868 2585 951 respicientem
2653 874 2722 934 et
2763 870 2934 936 dixit

325 974 407 1039 ad
469 991 645 1038 eum:
716 970 1062 1050 Zacchaee‚
1129 971 1441 1036 festinans
1527 972 1867 1046 descende,
1947 973 2098 1054 quia
2176 973 2365 1038 hodie
2435 973 2501 1038 in
2568 975 2752 1040 domo
2822 982 2935 1041 tua

327 1083 583 1160 oportet
627 1096 727 1142 me
774 1094 1049 1141 manere.
1113 1079 1171 1143 6.
1219 1076 1308 1140 Et
1353 1075 1663 1142 festinans
1724 1078 2063 1143 descendit
2122 1082 2189 1143 et
2235 1079 2490 1159 excepit
2556 1080 2733 1144 illum
2781 1099 2933 1163 gau-

327 1184 505 1250 dens.
571 1184 629 1249 7.
676 1183 763 1247 Et
810 1200 950 1246 cum
1014 1181 1312 1247 uiderent
1357 1201 1596 1260 omneS‚
1661 1183 2224 1248 rnurmurauerrint
2285 1184 2590 1262 dicenteS,
2653 1186 2805 1266 quia
2850 1185 2932 1249 ad

323 1288 644 1355 hominem
694 1291 1096 1370 peccatorem
1143 1288 1440 1354 deuertit.
1489 1288 1546 1353 8.
1595 1287 1786 1353 Stans
1833 1294 2045 1353 autem
2092 1288 2421 1352 Zaccheus
2483 1289 2646 1354 dixit
2690 1290 2770 1354 ad
2819 1291 2928 1355 do-.

326 1396 600 1459 minum:
649 1393 816 1458 Ecce
861 1391 1193 1457 dimidium
1257 1392 1564 1457 bonorum
1612 1411 1896 1457 meorum
1944 1394 2023 1457 do
2073 1391 2479 1474 pauperibus,
2547 1394 2818 1472 domine,
2868 1400 2935 1460 et

332 1497 578 1581 siquid
607 1498 846 1563 alicui.
884 1549 897 1561 .
932 1546 946 1561 .
984 1498 1029 1561 li
1075 1497 1330 1577 fraude‚'
1352 1497 1550 1562 reddo
1596 1498 2045 1579 quadruplum.
2095 1500 2153 1563 9.
2202 1497 2314 1562 Ait
2357 1503 2565 1563 autem
2614 1498 2806 1564 Jesus
2853 1500 2933 1565 ad

328 1605 506 1671 illos:
571 1604 739 1686 quod
799 1603 992 1668 hodie
1053 1602 1229 1669 salus
1294 1603 1505 1668 domui
1567 1602 1717 1667 huic
1762 1602 1933 1669 facta
1978 1607 2098 1681 est,
2160 1622 2235 1668 eo
2283 1603 2469 1685 quod
2530 1608 2595 1669 et
2655 1605 2793 1685 ipse
2849 1604 2936 1668 sit

328 1709 501 1776 filius
547 1707 863 1774 Abrahae.
918 1710 1014 1774 10.
1064 1708 1262 1773 Uenit
1306 1708 1476 1772 enim
1523 1706 1692 1773 filius
1739 1707 2012 1774 hominis
2076 1727 2389 1789 quaerere
2433 1714 2500 1774 et
2544 1709 2792 1773 saluum
2840 1707 2928 1773 fa-

324 1834 492 1890 cere,
539 1814 708 1896 quod
757 1814 1051 1894 perierat.
1106 1815 1200 1878 11.
1252 1812 1431 1876 Haec
1475 1812 1603 1877 illis
1651 1813 2061 1879 audientibus
2273 1832 2386 1879 ens
2434 1813 2594 1878 dixit
2640 1812 2933 1879 similitu-

329 1920 574 1984 dinem:
623 1937 721 1997 eo,
769 1919 941 2001 quod
987 1923 1160 1984 esset
1192 1914 1407 1999 'prope
1452 1917 1878 1997 Hierusalem,
1944 1924 2012 1984 et
2055 1919 2206 2000 qnia
2252 1917 2711 2002 existimarent,
2760 1918 2931 1999 quod

328 2023 660 2091 confestIm
707 2041 970 2105 regnum
1038 2023 1141 2087 dei
1185 2022 1715 2089 manifestaretur.
1791 2026 1886 2088 12.
1938 2024 2116 2090 Dixit
2164 2044 2347 2106 ergo:
2421 2023 2628 2091 'Homo
2676 2025 2931 2109 quidam

327 2134 467 2195 erat
511 2129 710 2194 diues,
775 2127 839 2191 Is
881 2128 1041 2193 abiit
1101 2128 1165 2192 in
1227 2130 1551 2210 regionem
1611 2128 1808 2211 longe
1854 2132 2146 2210 accipere
2213 2150 2476 2213 reguum
2541 2136 2609 2195 et
2674 2131 2932 2196 reuerti.

330 2237 427 2302 13.
478 2234 564 2299 Et
609 2233 868 2298 uocauit
931 2234 1150 2298 decem
1211 2251 1435 2299 seruos
1481 2238 1546 2298 et
1590 2234 1772 2298 dedit
1831 2235 1957 2299 illis
2021 2236 2239 2299 decem
2297 2236 2540 2301 talenta
2598 2240 2663 2300 et
2710 2235 2800 2300 ait
2848 2236 2932 2301 ad

326 2340 501 2405 illos:
549 2337 1007 2421 Negotiamini‚
1054 2338 1200 2402 dum
1250 2341 1457 2403 uenio.
1513 2339 1611 2404 14.
1661 2336 1852 2404 Ciues
1899 2344 2112 2404 autem
2160 2340 2432 2405 oderant
2477 2339 2656 2404 illum
2702 2345 2769 2404 et
2811 2341 2925 2406 mi·

322 2447 546 2511 serunt
587 2442 974 2525 legationem
1021 2446 1169 2525 post
1230 2442 1406 2507 illum
1456 2442 1779 2509 dicentes:
1827 2442 2141 2510 Nolumus
2204 2444 2373 2508 hunc
2416 2463 2686 2527 regnare
2733 2463 2929 2526 supra

323 2568 458 2614 nos.
526 2549 626 2613 15.
695 2549 783 2612 Et
843 2546 1082 2612 factum
1129 2553 1248 2627 est,
1299 2554 1369 2614 ut
1412 2550 1656 2614 rediret
1702 2555 1967 2631 accepto
2031 2568 2245 2631 regno,
2312 2554 2378 2614 et
2439 2551 2635 2616 iussit
2696 2567 2927 2617 uocare

321 2672 563 2730 seruo&
611 2652 844 2734 quibus
890 2652 1068 2717 dedit
1111 2655 1444 2735 pecuniam
1494 2658 1566 2718 ut
1613 2653 1827 2733 sciret,
1875 2660 2183 2736 quantum
2250 2656 2522 2738 quisque
2570 2657 2928 2738 negotiatus

321 2764 514 2825 esset.
570 2761 666 2825 16.
714 2757 912 2823 Uenit
957 2762 1168 2823 autem
1229 2746 1474 2840 primus
1523 2760 1775 2825 dicens:
1828 2760 2078 2826 domine
2125 2759 2435 2825 talentum
2500 2764 2680 2825 tuum
2728 2759 2785 2822 X
2832 2764 2925 2824 ta-

320 2866 495 2930 lenta
553 2864 926 2945 adquisiuit.
990 2864 1089 2929 17.
1155 2863 1240 2928 Et
1304 2865 1395 2929 ait
1453 2863 1582 2929 illi:
1630 2883 1792 2946 euge
1850 2865 2015 2929 bone
2076 2883 2287 2945 serue,
2335 2865 2480 2946 quia
2547 2864 2612 2929 in
2658 2865 2925 2940 modico,

319 2967 529 3035 fidelis
573 2967 780 3046 fuisti,
845 2968 972 3034 eris
1033 2973 1419 3050 potestatem
1466 2967 1706 3034 habens
1770 2989 1965 3051 supra
2013 2971 2230 3035 decem
2296 2970 2617 3036 ciuitates..
2695 2971 2794 3034 18.
2841 2968 2928 3033 Et

325 3073 486 3137 alter
517 3073 693 3139 uenit
740 3072 995 3139 dicens:
1046 3073 1320 3153 domine,
1369 3094 1513 3139 mna
1571 3079 1684 3139 tua
1730 3075 1887 3141 fecit
1919 3076 2200 3156 quinque
2250 3074 2510 3141 talenta.
2562 3077 2660 3141 19.
2710 3075 2818 3139 Ait
2863 3078 2929 3138 et

329 3175 511 3241 huic:
558 3176 642 3242 Et
684 3181 756 3242 tu
803 3182 940 3242 esto
989 3195 1187 3258 supra
1236 3178 1517 3260 quinque
1565 3178 1890 3244 ciuitates,
1938 3181 2040 3246 20.
2088 3179 2175 3245 Et
2220 3181 2382 3244 alter
2426 3180 2607 3245 uenit
2667 3180 2920 3245 dicens:

328 3280 602 3362 domine,
648 3299 798 3347 ecce
844 3281 1152 3348 talentum
1182 3285 1402 3363 tuum,
1452 3284 1620 3365 quod
1692 3284 1886 3349 habui
1956 3286 2306 3366 repositum
2350 3285 2416 3348 in
2463 3286 2742 3350 sudario.
2820 3288 2923 3350 21.

321 3385 472 3468 quia
518 3386 702 3451 timui
775 3391 859 3471 te,
909 3388 1080 3469 quod
1143 3389 1332 3453 homo
1383 3389 1658 3455 austeris
1705 3407 1795 3468 eS,
1866 3389 2060 3468 tollis,
2110 3390 2278 3471 quod
2326 3409 2451 3455 non
2499 3391 2792 3473 posuisti,
2863 3393 2929 3454 et

315 3492 527 3570 metis,
593 3492 762 3573 quod
809 3511 936 3556 non
983 3493 1332 3558 seminasti.
1405 3494 1508 3557 22.
1579 3494 1667 3558 Et
1711 3493 1874 3559 dixit
1921 3496 2012 3560 ei:
2086 3495 2183 3558 De
2230 3513 2341 3558 ore
2389 3500 2496 3560 tuo
2542 3500 2606 3559 te
2678 3494 2923 3569 iudico;

319 3597 601 3665 crudelis
627 3615 846 3676 serue3
895 3598 1164 3674 sciebas,
1212 3600 1383 3680 quod
1417 3618 1533 3679 ego
1581 3599 1770 3663 homo
1817 3600 2095 3665 austeris
2142 3616 2301 3677 sum,
2349 3598 2526 3680 tollo,
2576 3600 2744 3679 quod
2793 3618 2921 3665 non

323 3702 532 3784 posui,
601 3708 668 3768 et
727 3706 895 3768 meto
955 3703 1122 3785 quod
1188 3722 1313 3768 non
1359 3704 1695 3781 seminani,
1769 3706 1871 3769 23.
1922 3708 1987 3768 et
2032 3722 2229 3785 quare
2276 3723 2401 3768 non
2450 3704 2685 3769 dedisti
2732 3722 2919 3785 pecu-

315 3807 487 3871 niam
534 3826 738 3874 meam
784 3813 867 3874 ad
912 3827 1214 3893 mensam,
1264 3812 1330 3872 et
1377 3826 1494 3889 ego
1542 3809 1809 3873 ueniens
1856 3827 1998 3873 curn
2048 3808 2260 3874 usuris
2298 3810 2520 3889 utique
2568 3808 2923 3891 exegissem

313 3910 541 3977 illum?
590 3914 693 3979 24.
738 3914 825 3979 Et
870 3914 1276 3980 adstantibus
1322 3913 1523 3979 dixit:
1575 3912 1839 3980 Auferte
1885 3915 2102 3979 abillo
2150 3914 2460 3980 talentum
2509 3919 2573 3979 et
2606 3913 2755 3979 date
2802 3912 2920 3991 illi,

323 4018 433 4098 qui
469 4018 684 4084 decem
719 4020 961 4085 talenta
1006 4020 1216 4085 habet.
1267 4022 1368 4086 26.
1419 4020 1577 4084 Dico
1611 4025 1820 4085 antem
1870 4020 2087 4086 uobis:
2137 4019 2430 4100 quoniam
2482 4057 2563 4066 —-
2610 4054 2695 4066 —-—
2732 4055 2813 4066 —
2848 4056 2914 4065 —

531 4330 739 4399 XXI.
786 4349 873 4380 ·--
918 4370 1002 4379 —-
1050 4333 1332 4412 arboreS,
1403 4337 1506 4400 30.
1558 4353 1697 4400 cum
1773 4334 2125 4415 producant
2173 4333 2301 4397 iam
2362 4352 2439 4397 ex
2501 4349 2571 4397 se
2615 4331 2914 4412 fructum,

312 4439 514 4515 scitis»,
564 4441 864 4520 quoniam
912 4440 1036 4504 iam
1085 4457 1287 4520 prope
1335 4444 1433 4505 est
1480 4443 1717 4504 aestas.
1796 4442 1903 4505 31.
1971 4442 2072 4505 Ita
2120 4444 2185 4505 et
2231 4438 2390 4503 baec
2436 4456 2578 4503 cum
2625 4437 2925 4503 uideritis

314 4541 481 4623 fieri,
527 4544 759 4609 scitote
799 4545 970 4627 quod
1016 4563 1216 4626 prope
1264 4551 1366 4611 est
1410 4563 1677 4627 regnum
1729 4545 1853 4609 dei.
1903 4545 2007 4610 32.
2056 4544 2261 4608 Amen
2308 4544 2448 4608 dico
2511 4542 2718 4622 uobi8‚
2766 4543 2920 4624 quia

314 4668 443 4713 non
502 4649 882 4732 praeteribit
943 4650 1277 4731 generatio
1345 4651 1520 4721 haec,
1587 4650 1786 4714 donec
1849 4649 2060 4713 omnia
2124 4646 2296 4712 fiant.
2360 4650 2464 4715 33.
2537 4645 2800 4713 Caelum
2857 4652 2925 4711 et

310 4756 484 4817 terra
529 4756 866 4833 transient,
915 4755 1114 4819 uerba
1186 4759 1398 4820 autem
1444 4771 1589 4818 mea
1635 4772 1760 4817 non
1809 4751 2141 4817 transient.
2192 4754 2294 4818 34.
2346 4753 2677 4818 Attendite
2709 4758 2922 4818 autem
