3484 5617
550 523 673 588 134
1302 516 1665 584 Euangelium
1704 513 2001 568 secundum
2038 513 2305 567 Marcum.
2944 515 3000 568 C,
3045 521 3127 572 ιο,

544 730 695 810 quid
722 731 1001 797 medicis
1026 728 1304 794 bonum?
1330 727 1530 792 Nemo
1549 727 1752 791 bonus
1785 726 1908 790 nisi
1944 746 2107 791 unus
2141 743 2214 788 ac
2246 723 2419 789 solus
2452 724 2632 789 deus.
2667 726 2760 790 19.
2785 724 3140 808 Praecepta

543 836 823 900 custodi:
861 854 940 900 ne
986 835 1327 907 adulteres,
1362 850 1443 896 ne
1492 830 1767 909 occidaS,
1807 849 1886 895 ne
1918 830 2167 906 fureris,
2202 848 2281 893 ne
2312 828 2539 893 falsum
2574 828 3010 894 testimonium
3042 831 3135 895 di-

542 939 732 1017 xeris,
780 958 860 1004 ne
905 938 1189 1003 fraudem
1240 936 1502 1015 feceris;
1553 935 1797 999 honora
1844 939 2091 1015 patrem
2140 938 2319 997 tuum
2370 937 2434 997 et
2480 938 2742 998 matrem
2788 938 2986 1000 tuam.
3035 936 3136 1001 20.

542 1044 628 1107 Et
674 1043 787 1108 ille
831 1045 1224 1125 respondeus
1272 1041 1363 1104 ait
1411 1041 1546 1105 illi:
1596 1038 1927 1120 Magister,
1977 1038 2185 1103 omnia
2230 1037 2388 1102 haec
2450 1037 2785 1102 obseruabi
2834 1058 2872 1103 a
2919 1040 3135 1105 iuuen-

540 1152 679 1210 tute
725 1167 889 1213 mea.
937 1151 1038 1212 21.
1086 1147 1276 1212 Jesus
1323 1150 1534 1209 autem
1583 1145 1837 1208 intuens
1886 1163 2050 1221 eum,
2099 1141 2426 1207 osculatus
2473 1147 2572 1206 est
2636 1159 2776 1205 eum
2846 1148 2912 1209 et
2978 1144 3139 1210 dixit

542 1251 677 1316 illi:
733 1253 940 1317 Unum
987 1251 1198 1316 deest:
1247 1251 1431 1327 uade,
1481 1267 1918 1330 quaecumque
1964 1246 2182 1327 habes,
2230 1245 2437 1310 uende
2485 1251 2548 1310 et
2597 1246 2676 1311 da
2726 1246 3134 1329 pauperibuS,

542 1363 612 1420 et
654 1357 921 1422 habebis
967 1356 1354 1421 thensauros
1401 1357 1467 1418 in
1515 1353 1706 1431 cae10‚
1757 1360 1821 1417 et
1868 1353 2038 1429 ueni,
2086 1370 2355 1433 sequere
2401 1370 2519 1416 me.
2569 1353 2670 1416 22.
2718 1352 2804 1416 Et
2849 1351 2960 1417 ille
2992 1370 3135 1417 con-

538 1462 833 1527 tristatus
867 1464 931 1526 in
967 1462 1085 1525 hoc
1129 1459 1326 1524 uerbo
1375 1460 1494 1540 (et)
1543 1459 1701 1522 abiit
1749 1457 1985 1533 tristis;
2035 1460 2177 1521 erat
2243 1456 2411 1521 enim
2456 1454 2698 1520 habens
2745 1456 2978 1520 multas
3026 1476 3131 1539 pe-

539 1567 760 1630 cunias
809 1570 873 1629 et
919 1582 1125 1644 agros.
1221 1566 1321 1631 23.
1392 1563 1478 1626 Et
1550 1560 2071 1642 circumspiciens
2140 1559 2354 1637 JesuS,
2423 1562 2513 1624 ait
2580 1560 2914 1642 discipulis
2961 1562 3130 1626 suis:

542 1689 729 1750 quam
779 1668 1056 1745 difficile,
1106 1668 1212 1750 qui
1258 1666 1562 1748 pecunias
1607 1665 1864 1745 habent,
1926 1684 2191 1746 regnum
2240 1665 2339 1729 dei
2386 1665 2774 1729 introibunt!
2869 1665 2972 1730 24.
3019 1664 3134 1730 Fa-

541 1775 723 1839 cilius
773 1777 871 1839 est
918 1774 1250 1837 camellum
1295 1791 1409 1852 per
1456 1771 1742 1839 foramen
1791 1789 1944 1834 acus
1990 1770 2267 1834 transire
2316 1786 2504 1855 quam
2553 1769 2818 1834 diuitem
2866 1770 3132 1835 introire

537 1879 600 1943 in
648 1895 915 1959 regnum
965 1878 1085 1941 dei.
1134 1877 1235 1941 25.
1288 1874 1600 1955 Discipuli
1647 1879 1861 1938 autem
1909 1874 2048 1937 eius
2098 1873 2418 1954 pauebant
2463 1871 2529 1936 in
2578 1874 2792 1939 uerbis
2841 1874 2999 1939 eius,
3034 1875 3133 1939 Ad

537 1982 730 2047 Jesus
777 2001 999 2047 rursus
1045 1983 1136 2046 ait
1183 1979 1344 2045 illis:
1422 1978 1653 2057 Filioli,
1702 1997 1894 2060 quam
1942 1976 2202 2042 difficile
2249 1983 2349 2042 est
2394 1977 2782 2044 confidentes
2828 1979 2894 2049 in
2939 1996 3130 2059 pecu-

537 2088 662 2152 niis
708 2088 771 2151 in
820 2104 1085 2167 regnum
1134 2086 1233 2150 dei
1284 2085 1588 2148 introire!
1641 2085 1741 2148 26.
1793 2083 2001 2164 Magis
2050 2086 2264 2146 autem
2313 2083 2794 2148 admirabantur
2841 2084 3130 2150 dicentes

536 2192 615 2255 ad
664 2193 1073 2272 semetipsos:
1120 2192 1208 2255 Et
1252 2191 1394 2271 quis
1445 2190 1680 2271 poterit
1728 2188 1949 2254 saluus
1994 2186 2184 2251 fieri?
2246 2189 2348 2252 27.
2396 2188 2485 2252 Et
2528 2190 2786 2254 intuens
2832 2188 2980 2255 illos
3024 2188 3133 2253 Je-

536 2313 646 2360 sus
696 2297 822 2361 ait:
915 2297 1089 2378 Aput
1133 2296 1422 2361 homines
1468 2297 1588 2360 hoc
1635 2293 2000 2376 imposibile
2049 2301 2167 2372 est,
2217 2299 2371 2373 aput
2419 2296 2606 2358 deum
2657 2300 2871 2358 autem
2922 2294 3131 2358 omnia

534 2401 873 2480 possibilia
919 2406 1088 2465 sunt.
1184 2401 1283 2466 28.
1346 2400 1433 2463 Et
1481 2399 1693 2478 coepit
1739 2399 1968 2463 Petrus
2017 2398 2075 2460 ei
2123 2397 2364 2464 dicere:
2468 2400 2637 2463 Ecce
2706 2417 2820 2462 nos
2864 2399 3126 2463 missum

532 2503 797 2571 fecimus
866 2507 1076 2569 omnia
1142 2510 1361 2569 nostra
1407 2509 1471 2568 et
1516 2505 1721 2568 secuti
1800 2521 2018 2567 sumus
2086 2508 2169 2566 te.
2264 2503 2431 2580 Quid
2508 2503 2690 2568 nobis
2765 2503 2938 2568 erit?
3028 2504 3136 2568 29.

534 2609 947 2691 Respondeas
979 2610 1172 2675 Jesus
1205 2613 1328 2674 ait:
1381 2611 1582 2673 Amen
1631 2608 1771 2672 dico
1822 2607 2038 2672 uobis:
2089 2605 2287 2671 Nemo
2335 2613 2435 2672 est
2479 2609 2585 2689 qui
2634 2607 2977 2688 reliquerit
3023 2627 3130 2691 pa-

533 2718 697 2777 trem
772 2720 885 2779 aut
957 2719 1222 2779 matrem
1290 2719 1402 2779 aut
1470 2713 1702 2778 fratres
1776 2717 1888 2777 aut
1934 2731 2188 2777 sorores
2234 2718 2344 2777 aut
2389 2712 2559 2777 filios
2605 2718 2867 2795 propter
2914 2732 3013 2777 me
3065 2718 3131 2777 et

532 2825 792 2900 propter
839 2820 1257 2902 euangelium,
1305 2822 1405 2886 30.
1453 2820 1560 2899 qui
1610 2837 1734 2882 non
1784 2817 2058 2898 accipiat
2105 2819 2351 2882 centies
2392 2822 2640 2882 tantum
2674 2818 2938 2882 nuncin
2971 2821 3127 2881 tem-

531 2940 718 3002 pore;
768 2925 873 3005 qui
921 2929 1136 2989 autem
1180 2923 1513 3005 reliquerit
1558 2923 1832 3001 domum,
1880 2926 1993 2986 aut
2036 2928 2342 3002 parentes
2389 2927 2455 2988 et
2500 2940 2750 2988 sorores
2799 2927 2864 2987 et
2894 2922 3128 2987 fratres

531 3031 597 3091 et
642 3032 907 3092 matrem
953 3034 1018 3092 et
1061 3027 1225 3094 filios
1270 3033 1337 3092 et
1382 3046 1573 3110 agros
1618 3029 1682 3092 in
1717 3028 2287 3109 persecutionibus,
2337 3027 2400 3091 in
2433 3047 2592 3092 aeuo
2626 3032 2898 3092 uenturo
2928 3029 3128 3093 uitam

531 3135 853 3197 aeternam
900 3134 1193 3213 accipiet.
1243 3135 1344 3196 31.
1396 3131 1586 3197 Multi
1633 3138 1847 3195 autem
1897 3140 2082 3195 erant
2113 3132 2300 3211 primi
2335 3134 2663 3198 nouissimi
2696 3138 2761 3198 et
2793 3133 3126 3198 nouissimi

530 3237 740 3315 primi.
789 3239 891 3301 32.
941 3238 1143 3301 Erant
1187 3240 1397 3300 autem
1448 3237 1510 3298 in
1559 3236 1665 3299 uia
1709 3235 2131 3300 ascendentes
2177 3236 2621 3322 Hierosolyma
2668 3242 2735 3303 et
2780 3238 3123 3318 praecede·

532 3339 643 3401 bat
689 3358 798 3403 eos
821 3341 1031 3415 Jesus,
1079 3345 1148 3404 et
1175 3342 1513 3420 pauebant.
1562 3339 1650 3403 Et
1694 3339 2037 3404 adsumens
2083 3339 2227 3404 illos
2274 3340 2421 3421 XII,
2468 3342 2679 3422 coepit
2710 3342 2840 3407 illis
2890 3342 3123 3416 dicere,

532 3460 696 3521 quae
742 3445 881 3509 eius
928 3450 1144 3509 essent
1176 3450 1488 3521 uentura3
1553 3445 1654 3509 33.
1707 3443 1858 3525 quia
1903 3462 2052 3508 ecce
2099 3446 2502 3511 ascendimus
2550 3445 3014 3529 Hierosolyma,
3063 3454 3128 3510 et

534 3544 703 3610 filius
747 3547 1018 3614 hominis
1064 3547 1354 3613 tradetur
1421 3548 1685 3612 summis
1731 3548 2176 3613 sacerdotibus
2223 3555 2288 3613 et
2318 3551 2566 3629 acribia,
2618 3556 2684 3615 et
2731 3552 3127 3616 damnabunt

531 3670 673 3714 eum
744 3654 930 3717 morti
976 3659 1041 3717 et
1086 3654 1343 3719 tradent
1390 3672 1533 3717 eum
1580 3654 1897 3735 gentibuS,
1946 3655 2048 3719 34.
2099 3659 2164 3719 et
2194 3655 2487 3720 inludent
2511 3675 2655 3720 eum
2681 3662 2747 3722 et
2773 3663 3125 3738 conspuent

532 3757 595 3819 in
636 3774 779 3821 eum
819 3762 887 3822 et
931 3756 1344 3839 flagellabunt
1400 3778 1542 3824 eum
1590 3763 1658 3823 et
1703 3757 2086 3824 interficient
2129 3767 2196 3824 et
2217 3763 2365 3840 post
2405 3766 2537 3826 tres
2604 3760 2742 3826 dies
2812 3765 3124 3842 resurget.

528 3863 630 3927 35.
665 3862 751 3925 Et
774 3869 1184 3928 accesserunt
1206 3864 1284 3928 ad
1310 3863 1487 3937 illum
1512 3863 1795 3928 Jacobus
1819 3866 1886 3927 et
1926 3862 2251 3928 Johannes
2286 3862 2402 3929 filii
2442 3865 2760 3930 Zebedaei
2805 3867 3123 3931 dicentes:

529 3965 859 4047 Magister,
907 3966 1198 4032 uolumus
1244 3968 1683 4049 quodcumque
1710 3973 1776 4032 te
1809 3968 2202 4048 petierimus,
2237 3974 2309 4034 ut
2338 3974 2626 4051 praestes
2657 3971 2860 4036 nobis.
2892 3972 2994 4036 36.
3022 3971 3124 4035 Ad

528 4070 636 4134 ille
683 4071 878 4136 dixit:
929 4070 1083 4152 quid
1128 4070 1358 4137 faciam
1406 4070 1638 4136 uobis?
1684 4076 1789 4139 37.
1837 4073 1924 4136 Et
1971 4073 2269 4140 dixerunt
2314 4076 2409 4140 ei:
2461 4075 2541 4139 da
2586 4074 2788 4154 nobis,
2838 4086 2909 4139 ut
2955 4094 3125 4140 nnus

528 4176 606 4240 ad
655 4175 984 4240 dexteram
1032 4182 1204 4240 tuam
1253 4181 1319 4241 et
1363 4177 1528 4241 alius
1576 4178 1658 4242 ad
1704 4178 2036 4241 sinistram
2086 4180 2421 4246 sedeamus
2470 4181 2535 4244 in
2581 4180 2848 4263 gloriam
2918 4185 3116 4246 tuam.

527 4280 630 4346 38.
679 4279 870 4346 Jesus
917 4282 1311 4362 respondens
1359 4283 1451 4345 ait
1498 4281 1660 4347 illis:
1733 4282 2016 4349 Nescitis
2066 4285 2217 4364 quid
2269 4287 2538 4367 petatis;
2587 4287 2856 4366 potestis
2903 4285 3124 4349 bibere

527 4386 789 4450 calicem
813 4404 999 4477 quem
1028 4406 1144 4470 ego
1183 4388 1507 4453 bibiturus
1527 4404 1693 4467 sum,
1722 4392 1835 4452 aut
1873 4389 2256 4470 baptismum
2282 4392 2451 4471 quod
2494 4408 2610 4472 ego
2635 4389 2922 4471 baptizor
2954 4390 3123 4470 (sic),

527 4490 884 4571 baptizari?
953 4493 1054 4558 39.
1101 4493 1202 4556 Ad
1248 4493 1342 4557 illi
1389 4493 1721 4558 dixerunt:
1774 4511 2127 4572 possumus,
2208 4496 2319 4560 Ait
2384 4495 2514 4560 illis
2561 4495 2785 4559 Jesus:
2836 4492 3121 4559 Calicem

525 4594 798 4674 quidem,
846 4612 1032 4677 quem
1080 4615 1195 4677 ego
1244 4596 1483 4675 bibere,
1533 4596 1784 4675 bibetis,
1831 4601 1897 4662 et
1941 4599 2346 4682 baptismum,
2417 4600 2585 4681 quod
2634 4617 2750 4680 ego
2811 4598 3120 4680 baptizor.

526 4698 868 4780 baptizari3
917 4703 1022 4765 40.
1095 4701 1321 4765 sedere
1366 4707 1577 4767 autem
1627 4702 1705 4766 ad
1754 4703 2079 4769 dexteram
2129 4705 2232 4769 uel
2281 4704 2360 4768 ad
2408 4705 2752 4787 sinistram,
2830 4722 2954 4767 non
3018 4710 3120 4767 est

524 4822 733 4872 meum
805 4807 998 4871 dare:
1079 4806 1224 4870 aliis
1326 4813 1617 4888 paratum
1709 4813 1827 4875 est.
1918 4809 2022 4874 41.
2100 4809 2238 4874 Hoc
2311 4810 2532 4875 audito
2624 4809 2821 4885 ceteri
2898 4808 3119 4875 decem
