3484 5617
969 1511 1426 1634 (Euanueiium
1476 1547 1835 1615 secundum
1885 1547 2290 1629 iohannem.)

520 1757 573 1825 l.
625 1760 704 1822 In
737 1758 1061 1841 principio
1123 1763 1261 1822 erat
1306 1756 1564 1822 uerbum
1625 1762 1683 1822 et
1728 1757 1988 1821 uerbum
2033 1759 2173 1821 erat
2218 1761 2376 1838 aput
2422 1756 2623 1834 deum,
2669 1762 2728 1821 et
2774 1758 2927 1822 deus

316 1867 460 1926 erat
524 1884 637 1926 uer
670 1914 684 1929 .
721 1913 735 1928 .
772 1915 786 1929 .
863 1866 921 1926 2.
986 1864 1120 1926 Hoc
1184 1866 1326 1927 erat
1385 1862 1454 1926 in
1505 1863 1830 1945 principio
1896 1866 2053 1945 aput
2112 1861 2312 1927 deum.
2402 1865 2464 1925 3.
2540 1860 2772 1925 Omnia
2807 1886 2929 1945 per

315 1988 459 2032 eum
489 1971 687 2046 faeta
729 1970 896 2047 sunt,
946 1972 1004 2030 et
1049 1968 1182 2031 sine
1225 1988 1364 2032 eum
1396 1970 1658 2046 factum
1703 1971 1796 2031 est
1842 1966 2021 2045 nihil,
2070 1969 2243 2050 quod
2265 1969 2757 2044 autemfactum
2804 1970 2927 2049 est3

314 2074 381 2139 4.
431 2074 511 2135 In
534 2091 600 2136 eo
623 2072 764 2136 uita
795 2076 905 2153 est,
954 2075 1015 2135 et
1035 2071 1175 2136 uita
1201 2075 1293 2136 est
1314 2072 1427 2136 lux
1473 2070 1810 2134 hominum.
1862 2072 1921 2135 5.
1973 2072 2059 2133 Et
2101 2070 2216 2134 lua:
2257 2069 2416 2136 lucet
2461 2070 2531 2134 in
2575 2070 2844 2135 tenebris
2870 2077 2925 2134 et

317 2176 608 2241 tenebrae
672 2197 812 2242 eam
878 2195 1005 2241 non
1071 2176 1681 2260 comprehenderunt.
1774 2178 1837 2242 6.
1884 2176 2036 2237 F'ue't
2081 2173 2258 2238 homo
2304 2176 2535 2239 missus
2584 2197 2625 2240 a
2670 2176 2779 2240 deo
2825 2177 2929 2240 cui

316 2300 541 2345 nomen
585 2286 725 2345 erat
753 2280 1088 2347 Johmmis.
1141 2285 1198 2347 7.
1235 2283 1358 2346 Hic
1402 2282 1573 2346 uenit
1620 2281 1685 2344 in
1710 2280 2155 2358 testemonium,
2201 2284 2274 2342 ut
2318 2281 2740 2345 testimoniam
2778 2303 2923 2363 per-

311 2385 552 2450 hiberet
596 2385 960 2467 delumine,
1006 2397 1075 2450 ut
1118 2407 1329 2450 omnes
1375 2385 1695 2450 crederent
1735 2406 1851 2467 per
1896 2404 2055 2450 eum.
2103 2386 2161 2450 8.
2210 2385 2350 2449 Non
2384 2390 2522 2450 erat
2551 2385 2659 2450 ille
2690 2386 2924 2470 lumen,

313 2491 428 2555 sed
462 2496 531 2555 ut
565 2491 993 2556 testimonium
1045 2491 1413 2573 perhiberet
1445 2494 1522 2556 de
1557 2490 1813 2554 lumine.
1863 2491 1923 2556 9.
1970 2488 2133 2553 Erat
2162 2488 2332 2555 enim
2383 2491 2491 2555 lux
2539 2509 2720 2575 uera,
2767 2511 2926 2572 quae

317 2595 740 2661 inluminabat
787 2615 1040 2661 omnem
1085 2595 1405 2660 hominem
1467 2597 1834 2661 uenientem
1907 2595 1969 2658 in
2040 2595 2209 2659 huno
2273 2594 2592 2659 mundum.
2708 2598 2806 2663 lO.
2853 2596 2928 2660 In

314 2700 434 2764 hoe
480 2701 716 2764 mundo
764 2706 924 2780 erat,
973 2704 1040 2765 et
1083 2701 1359 2764 mundus
1406 2719 1522 2780 per
1566 2719 1712 2764 eum
1758 2699 1964 2765 factus
2012 2704 2127 2778 est,
2177 2705 2240 2765 et
2286 2700 2559 2765 mundus
2614 2719 2756 2764 eum
2803 2719 2924 2764 non

316 2805 632 2885 cognouit.
733 2808 827 2869 ll.
901 2804 977 2868 In
1040 2823 1154 2868 sua
1226 2806 1482 2885 propria
1536 2806 1732 2884 uenit,
1813 2810 1879 2870 et
1943 2808 2041 2870 sui
2113 2823 2258 2869 eum
2333 2824 2456 2868 non
2530 2809 2925 2886 receperunt.

325 2911 422 2973 12.
474 2908 828 2990 Quodquod
894 2912 1105 2972 autem
1170 2912 1549 2990 receperunt
1596 2927 1759 2989 eum,
1810 2910 1987 2975 dedit
2034 2909 2128 2975 eis
2175 2914 2560 2991 potestatem
2606 2907 2773 2975 filios
2820 2910 2924 2974 dei

319 3011 478 3092 fieri,
527 3013 934 3079 credentibus
975 3015 1039 3079 in
1085 3016 1340 3079 nomine
1385 3015 1543 3094 eiuS‚
1623 3018 1717 3081 13.
1768 3018 1875 3097 qui
1927 3035 2049 3081 non
2115 3034 2191 3080 ex
2240 3017 2550 3098 sanguine
2596 3034 2802 3097 neque
2848 3034 2925 3079 ex

320 3117 650 3183 uoluntate
698 3119 926 3202 carniS‚
974 3138 1091 3184 nec
1139 3138 1217 3183 ex
1263 3119 1596 3185 uoluntate
1644 3122 1789 3201 uiri,
1838 3122 1952 3185 sed
1998 3141 2074 3185 ex
2124 3122 2242 3186 deo
2292 3127 2480 3187 natus
2514 3126 2631 3185 est.
2706 3123 2806 3186 14.
2840 3120 2927 3185 Et

323 3223 582 3287 uerbum
644 3215 793 3290 earo
862 3223 1035 3290 facta
1103 3229 1203 3291 est
1270 3231 1335 3290 et
1404 3225 1720 3291 habitauit
1786 3227 1846 3290 in
1918 3227 2117 3305 nobis,
2183 3231 2249 3291 et
2292 3226 2571 3292 uidimus
2617 3224 2920 3289 honorem

320 3328 478 3403 eiuS,
512 3328 778 3408 gloriam
813 3330 995 3411 quasi
1043 3331 1351 3412 unigeniti
1389 3350 1426 3394 a
1449 3336 1632 3413 patre
1678 3331 1935 3413 plenum
1983 3332 2193 3413 gratia
2237 3336 2301 3395 et
2330 3331 2625 3395 ueritate.
2679 3333 2775 3396 15.
2812 3328 2920 3395 Jo-

318 3430 542 3498 hannis
610 3432 996 3500 testificatur
1063 3439 1129 3499 et
1198 3436 1464 3500 clamat:
1537 3436 1662 3500 Hic
1707 3442 1825 3512 est,
1890 3437 1968 3500 de
2031 3454 2153 3516 quo
2219 3436 2380 3501 dixi:
2456 3435 2576 3512 Qui
2630 3438 2778 3515 post
2824 3454 2922 3498 me

318 3540 513 3616 uenit,
564 3544 714 3602 ante
759 3557 860 3602 me
906 3537 1118 3604 faetus
1165 3544 1280 3618 est,
1331 3541 1483 3622 quia
1550 3540 1726 3621 prior
1772 3560 1870 3604 me
1917 3548 2097 3615 erat;
2177 3544 2272 3606 16.
2321 3540 2616 3621 quoniam
2666 3540 2744 3603 de
2788 3539 2921 3619 ple-

316 3641 604 3706 nitudine
674 3643 812 3707 eius
880 3660 996 3708 nos
1058 3662 1275 3709 omnes
1338 3644 1700 3725 accepimus
1765 3644 2037 3724 gratiam
2085 3662 2198 3725 pro
2245 3644 2550 3723 gratiam3
2624 3644 2724 3708 17.
2774 3642 2923 3722 quia

321 3745 419 3810 lex
462 3767 581 3830 per
631 3746 897 3830 Moysen
948 3749 1096 3814 data
1143 3754 1262 3832 est,
1312 3750 1516 3829 gratia
1564 3755 1777 3813 autem
1826 3752 1891 3813 et
1922 3749 2160 3818 ueritas
2194 3766 2309 3828 per
2340 3747 2562 3812 Jesum
2596 3745 2916 3812 Christum

317 3850 482 3917 facta
529 3856 646 3916 est.
745 3855 844 3918 18.
897 3854 1102 3917 Deum
1163 3872 1347 3917 nemo
1394 3854 1561 3917 uidit
1607 3871 1927 3933 umquam,
1979 3851 2100 3916 nisi
2150 3852 2514 3931 unigenitus
2576 3849 2761 3929 filius,
2812 3853 2918 3932 qui

319 3959 414 4021 est
479 3956 542 4020 in
590 3957 734 4021 sinu
798 3959 1020 4038 patriS,
1083 3957 1218 4038 ipse
1286 3961 1629 4023 enarrauit.
1729 3958 1825 4021 19.
1890 3957 1976 4021 Et
2021 3955 2141 4022 hoe
2186 3962 2286 4021 est
2329 3956 2763 4021 testimonium
2812 3956 2918 4019 Jo-

318 4060 563 4136 hannis,
632 4079 773 4125 eum
832 4061 1196 4127 mississent
1240 4062 1321 4127 ad
1369 4081 1511 4126 eum
1583 4060 1817 4125 Judaei
1881 4061 1959 4124 ab
2016 4058 2479 4139 Hierosolymis
2548 4060 2913 4124 sacerdotes

319 4170 381 4229 et
424 4165 700 4245 Leuitas,
763 4170 834 4229 ut
879 4166 1347 4248 interrogarent
1391 4184 1570 4231 eum:
1636 4166 1729 4229 Tu
1779 4167 1921 4247 quis
1968 4165 2085 4230 es?
2131 4167 2233 4232 20.
2303 4166 2391 4229 Et
2435 4162 2760 4230 confessus
2815 4170 2914 4230 est

319 4275 384 4334 et
439 4289 565 4334 non
628 4269 922 4351 negauit3
972 4270 1300 4337 confessus
1363 4277 1480 4349 est,
1530 4271 1681 4351 quia
1726 4288 1844 4351 ego
1893 4290 2015 4339 non
2087 4289 2224 4336 sum
2275 4268 2587 4336 Christus,
2679 4272 2782 4335 21.
2830 4269 2918 4334 Et

321 4375 872 4456 interrogauerunt
933 4395 1077 4440 eum
1136 4376 1371 4443 iterum
1420 4376 1739 4440 dieentes:
1807 4375 2030 4441 Helias
2075 4393 2144 4440 es
2190 4374 2316 4439 tu?
2386 4374 2531 4440 Ait:
2579 4392 2703 4439 nou
2755 4393 2917 4440 sum.

321 4480 480 4556 Quid
529 4480 729 4561 ergo?
772 4481 1092 4564 Propheta
1138 4499 1207 4546 es
1253 4481 1371 4545 tu?
1417 4480 1504 4544 Et
1537 4480 1903 4561 respondit:
1949 4477 2109 4544 Non.
2159 4481 2261 4543 22.
2309 4478 2397 4544 Et
2445 4481 2769 4546 dixerunt:
2821 4480 2923 4543 dic

319 4602 460 4666 ergo
506 4585 707 4665 nobis,
754 4591 827 4651 ut
871 4604 1249 4667 responsum
1292 4585 1511 4649 demus
1557 4582 1678 4662 his,
1728 4584 1834 4664 qui
1880 4585 2190 4649 miserunt
2234 4583 2396 4648 nos?
2440 4584 2594 4666 quid
2642 4584 2803 4650 dicis
2840 4585 2918 4648 de

318 4693 377 4752 te
427 4689 614 4771 ipso?
663 4692 763 4755 23.
817 4691 1060 4767 Quibus
1109 4692 1236 4756 ait:
1285 4709 1403 4772 ego
1451 4706 1575 4752 uox
1625 4686 1959 4752 clamantis
2006 4688 2069 4751 in
2101 4689 2392 4755 deserto:
2442 4687 2699 4768 dirigite
2747 4689 2911 4752 uiam

321 4794 569 4859 domini.
672 4796 774 4861 24.
822 4795 908 4860 Et
954 4795 1065 4877 qui
1144 4795 1323 4862 missi
1387 4795 1646 4859 fuerant
1713 4812 1792 4857 ex
1858 4792 2197 4859 FarisaeiS.
2289 4791 2377 4857 Ut
2445 4792 2910 4876 interrogarent
