3484 5617
326 541 331 552 ·
401 531 456 584 C.
498 538 578 586 13.
1201 516 1572 603 Euangelium
1610 530 1917 589 secundum
1955 531 2222 588 Marcum.
2877 536 3001 604 139

396 762 684 826 regnum,
733 751 797 811 et
845 751 1033 810 erunt
1077 750 1507 811 terraemotus
1556 760 1667 826 per
1714 743 1856 808 loca
1900 748 1966 809 et
2009 741 2211 809 fames
2273 744 2526 811 initium
2575 743 2870 809 dolorum
2926 782 2991 792 -

402 885 470 895 —
526 886 608 895 -
655 887 740 897 —
795 887 860 894 —
920 850 1018 915 19.
1069 854 1257 923 erunt
1301 848 1475 914 enim
1520 848 1587 913 in
1635 847 1870 913 diebus
1915 845 2045 912 illis
2078 848 2527 915 tribulationes
2559 847 2743 931 tales,
2773 847 2994 931 quales

396 972 519 1018 non
566 953 834 1021 fuerunt
898 954 977 1020 ab
1024 955 1207 1019 initio
1250 952 1602 1032 creaturae,
1652 970 1730 1018 ex
1773 970 1903 1037 ¹quo
1965 952 2177 1017 omnia
2238 951 2526 1017 condidit
2586 952 2747 1016 deus
2794 969 2997 1033 usque

395 1075 564 1122 nunc
610 1075 820 1139 neque
865 1064 1054 1123 erunt
1089 1107 1105 1123 .
1146 1109 1157 1122 .
1199 1109 1211 1122 .
1254 1109 1268 1124 .
1317 1058 1419 1123 20.
1468 1053 1555 1121 Et
1598 1055 1724 1122 nisi
1770 1055 2129 1122 brebiasset
2175 1057 2469 1121 dominus
2516 1056 2670 1129 dies
2738 1062 3001 1138 propter

392 1161 631 1227 electos
678 1179 829 1227 suos
868 1214 881 1227 .
921 1213 933 1226 .
977 1213 990 1226 .
1027 1146 1210 1227 fieret
1256 1161 1437 1227 salua
1484 1160 1613 1225 ulla
1641 1177 1810 1239 caro,
1838 1160 1952 1225 sed
1984 1165 2249 1242 propter
2277 1160 2540 1239 electos,
2585 1178 2746 1241 quos
2778 1159 2990 1242 elegit,

392 1265 862 1330 brebiabuntur
908 1266 1047 1330 dies
1096 1266 1208 1331 illi.
1280 1268 1383 1331 21.
1432 1266 1518 1329 Et
1563 1270 1715 1330 tuuc
1763 1266 1817 1331 si
1865 1265 2008 1346 quis
2077 1265 2262 1331 uobis
2332 1266 2606 1331 dixerit:
2681 1265 2849 1331 Ecce
2893 1265 2997 1330 hic

393 1375 495 1435 est
542 1368 857 1449 ChristuS‚
895 1371 1031 1436 uel:
1066 1389 1213 1436 ecce
1244 1371 1398 1450 iilic,
1435 1390 1514 1435 ue
1547 1369 1973 1434 credideritis.
2010 1370 2111 1434 22.
2146 1369 2482 1451 Exurgent
2513 1370 2682 1435 enim
2719 1370 2992 1452 pseudo-

391 1475 616 1540 christi
664 1479 731 1540 et
776 1474 1396 1557 pseudoprophetae,
1443 1480 1510 1540 et
1555 1475 1804 1539 dabunt
1850 1475 2032 1555 sigua
2080 1480 2147 1540 et
2191 1480 2445 1540 ostenta
2476 1475 2558 1540 ad
2588 1475 2993 1542 seducendos

390 1577 700 1658 homines,
771 1580 824 1643 si
873 1576 1015 1643 fieri
1061 1582 1295 1661 potest,
1366 1579 1563 1643 etiam
1630 1578 1890 1643 electos.
1966 1580 2067 1644 23.
2115 1576 2253 1644 Uos
2320 1597 2473 1660 ergo
2522 1580 2767 1645 uidete:
2844 1597 2993 1645 ecce

395 1684 683 1767 praedixi
729 1682 916 1748 uobis
964 1683 1194 1748 omnia.
1245 1684 1330 1748 24
1367 1735 1379 1748 .
1421 1735 1432 1747 .
1475 1733 1487 1746 .
1527 1682 1655 1747 inis
1719 1682 1943 1749 diebus
2009 1689 2157 1764 post
2216 1683 2718 1750 tribulationem.
2781 1720 2862 1729 —
2911 1721 2997 1769 -,-

1586 2198 1800 2306 Ψ
