3484 5617
265 522 323 582 C.
363 525 448 580 26.
1019 515 1384 592 Euangelium
1423 513 1721 576 secundum
1761 513 2119 576 Matthaeu'm.
2787 515 2869 588 37
2912 499 2915 502 Δ

272 717 429 802 haec
476 739 870 818 unguentum
917 734 1038 799 hoc
1097 734 1163 798 in
1212 750 1441 814 corpus
1502 750 1710 797 meum
1766 732 1845 797 ad
1894 730 2333 813 sepeliendum
2376 749 2478 797 me
2523 729 2697 798 fecit.
2769 735 2867 800 13.

265 842 468 906 Amen
513 838 657 905 dico
704 837 921 905 uobis:
1000 838 1383 918 ubicumque
1431 837 1867 919 praedicatum
1927 834 2124 901 fuerit
2169 834 2288 902 hoc
2356 836 2758 921 euangelium
2805 840 2870 903 in

267 950 404 1010 toto
450 945 708 1020 mund0,
757 944 990 1009 dicitur
1051 948 1118 1008 et
1165 943 1332 1023 quod
1394 941 1552 1006 haec
1597 940 1754 1006 fecit
1811 943 1875 1006 in
1926 935 2230 1006 memoria
2273 942 2496 1025 ipsius.
2549 944 2647 1009 14.
2693 944 2872 1009 Tunc

266 1050 428 1115 abiit
462 1068 624 1115 unus
658 1051 738 1115 de
772 1048 1127 1126 duodecim,
1176 1048 1281 1128 qui
1315 1045 1355 1111 J
1362 1048 1520 1111 udas
1553 1047 1789 1112 dicitur
1834 1045 2145 1125 Scarioth,
2196 1047 2275 1112 ad
2308 1047 2626 1130 principes
2657 1067 2870 1113 sacer-

266 1155 486 1220 dotum
553 1159 618 1220 et
678 1155 769 1218 ait
828 1154 993 1219 illis:
1069 1154 1165 1219 15.
1229 1152 1397 1230 Quid
1457 1151 1654 1215 uultis
1717 1150 1874 1215 mihi
1939 1151 2108 1226 dare,
2180 1156 2247 1215 et
2305 1170 2421 1235 ego
2482 1153 2666 1218 uobis
2728 1172 2870 1217 eum

267 1259 564 1325 tradam?
614 1261 711 1325 16.
747 1259 843 1323 Ad
875 1257 968 1323 illi
1004 1257 1475 1322 constituerunt
1500 1254 1558 1320 ei
1588 1255 1771 1321 XXX
1796 1260 2093 1321 stateres.
2143 1256 2229 1320 Et
2255 1257 2484 1322 exinde
2517 1258 2870 1339 quaerebat

269 1366 830 1447 opportunitatem,
878 1368 949 1427 ut
994 1381 1134 1427 eum
1184 1362 1469 1427 traderet
1516 1361 1628 1425 eis,
1686 1365 1784 1427 17.
1833 1362 2049 1425 Prima
2094 1367 2306 1426 autem
2355 1361 2459 1427 die
2506 1380 2870 1445 azymorum

268 1471 681 1534 accesserunt
728 1467 1028 1549 discipuli
1074 1467 1154 1531 ad
1203 1464 1426 1530 Jesum
1475 1465 1792 1530 dicentes:
1847 1465 1974 1530 Ubi
2023 1467 2118 1531 bis
2150 1483 2448 1548 paremus
2478 1466 2596 1532 tibi
2633 1466 2868 1548 pascha

265 1573 692 1640 manducare?
767 1574 862 1637 18.
927 1571 1021 1636 Ad
1084 1571 1194 1635 ille
1257 1570 1422 1635 dixit
1483 1570 1614 1635 eis:
1687 1571 1785 1635 Ite
1852 1570 1914 1634 in
1964 1570 2227 1635 ciuitate
2276 1569 2354 1634 ad
2400 1570 2754 1652 quemdam,
2806 1576 2871 1637 et

269 1680 463 1745 dicite
511 1679 606 1744 ei:
676 1676 988 1758 Magister
1032 1676 1220 1743 dicit:
1286 1676 1564 1758 Tempus
1633 1694 1842 1739 meum
1902 1693 2102 1757 prope
2172 1680 2292 1758 est,
2363 1680 2521 1756 aput
2580 1681 2646 1741 te
2706 1675 2873 1741 facio

268 1784 507 1864 pascha
553 1801 692 1847 cum
741 1779 1074 1863 discipulis
1121 1780 1300 1845 meis.
1369 1781 1467 1845 19.
1515 1781 1603 1845 Et
1647 1779 1939 1844 fecerunt
1986 1778 2284 1861 discipuli
2333 1780 2499 1845 sicut
2545 1782 2874 1864 praecepit

270 1887 400 1952 illis
447 1886 659 1970 JeSUS,
708 1891 771 1952 et
817 1892 1213 1967 parauerunt
1261 1884 1517 1968 pascha.
1567 1887 1666 1951 20.
1722 1884 2010 1966 Uespero
2057 1889 2271 1949 autem
2317 1883 2503 1964 facto,
2553 1885 2875 1950 discubuit

271 2010 412 2056 cum
460 1992 585 2055 XII
635 1990 966 2074 discipulis
1014 1993 1167 2056 suis,
1215 1993 1316 2055 21.
1367 1990 1451 2054 Et
1483 1989 1821 2055 edentibus
1854 1990 1981 2055 illis
2013 1990 2208 2055 dixit:
2259 1992 2459 2054 Amen
2492 1990 2635 2055 dico
2669 1989 2872 2071 uobis,

271 2095 440 2176 quod
488 2116 649 2161 unus
700 2100 982 2161 uestrum
1010 2114 1107 2161 me
1151 2094 1514 2160 traditurus
1560 2098 1678 2160 est.
1728 2096 1831 2159 22.
1882 2093 1967 2158 Et
2014 2094 2371 2160 contristati
2403 2096 2610 2176 nimis,
2650 2114 2871 2177 coepe-

269 2205 420 2265 runt
465 2200 698 2282 singuli
745 2200 991 2266 dicere:
1042 2200 1363 2283 Numquid
1410 2220 1525 2283 ego
1550 2218 1710 2278 sum,
1759 2200 2058 2266 domine?
2105 2201 2206 2265 23.
2279 2200 2375 2265 Ad
2422 2202 2559 2282 ipse
2603 2219 2870 2282 respon-

272 2306 431 2370 dens
478 2306 607 2370 ait:
673 2302 795 2380 Qui
842 2304 1099 2387 intingit
1157 2323 1402 2371 mecum
1452 2324 1703 2369 manum
1765 2306 1829 2368 in
1890 2302 2251 2386 parabside,
2299 2304 2406 2369 hic
2466 2323 2566 2369 me
2634 2306 2868 2372 tradet.

270 2411 373 2475 24.
422 2409 626 2475 Filius
673 2409 929 2491 quidem
978 2409 1251 2477 hominis
1280 2410 1478 2486 uadit,
1525 2411 1694 2474 sicut
1726 2410 2034 2489 scriptum
2070 2414 2169 2474 est
2202 2409 2280 2473 de
2311 2409 2455 2489 illo;
2506 2428 2627 2474 uae
2659 2415 2869 2475 autem

269 2514 511 2580 homini
562 2515 675 2594 illi,
713 2533 825 2597 per
848 2534 1035 2596 quem
1060 2514 1229 2581 filius
1259 2515 1529 2581 hominis
1562 2514 1882 2595 traditur3
1918 2514 2152 2579 bonum
2176 2518 2318 2578 erat
2343 2513 2583 2579 homini
2630 2514 2875 2580 illinon

269 2620 466 2685 nasci.
532 2621 634 2685 25.
683 2620 1103 2702 Respondens
1164 2625 1375 2684 autem
1427 2619 1652 2695 JudaS,
1717 2617 1824 2697 qui
1869 2619 2226 2684 traditurus
2272 2623 2411 2684 erat
2456 2638 2621 2698 eum,
2680 2621 2872 2684 dixit:

274 2724 597 2804 Numquid
645 2742 761 2804 ego
810 2742 966 2804 sum,
1015 2724 1270 2788 Rabbi?
1321 2725 1430 2787 Ait
1474 2722 1569 2786 illi
1614 2723 1839 2786 Jesus:
1888 2727 1957 2786 tu
2005 2724 2241 2787 dixisti.
2292 2727 2394 2789 26.
2443 2723 2609 2804 Ipsis
2659 2731 2874 2790 autem

273 2828 667 2901 cenantibuS,
715 2828 963 2909 accepit
1008 2827 1201 2892 Jesus
1248 2845 1475 2909 panem
1511 2832 1577 2891 et
1620 2826 1952 2891 benedixit
1996 2845 2071 2890 ac
2098 2826 2291 2910 fregit
2338 2828 2639 2909 deditque
2685 2830 2875 2894 disci-

275 2933 445 3016 pulis
491 2932 623 2997 suis
649 2937 712 2996 et
737 2931 862 2997 ait:
909 2931 1195 3014 Accipite
1221 2936 1287 2996 et
1308 2931 1689 2996 manducate
1735 2949 1815 2994 ex
1841 2931 1959 2996 hoc
1986 2949 2222 3011 omneS,
2263 2931 2382 2996 hoc
2414 2938 2512 2997 est
2545 2934 2712 2998 enim
2738 2953 2873 2998 cor-

277 3059 395 3121 pus
427 3056 653 3103 meum.
702 3040 805 3103 27.
855 3038 943 3102 Et
986 3036 1305 3116 accipiens
1339 3035 1615 3111 calicem,
1664 3036 1911 3116 gratias
1958 3036 2091 3119 egit
2138 3042 2203 3100 et
2248 3036 2423 3101 dedit
2460 3037 2587 3102 illis
2621 3039 2874 3105 dicens:

277 3145 549 3226 accipite
578 3148 646 3208 et
689 3142 889 3207 bibite
931 3160 1006 3205 ex
1042 3140 1181 3206 hoc.
1224 3142 1324 3204 28.
1360 3139 1485 3205 Hic
1516 3146 1618 3204 est
1651 3140 1819 3203 enim
1856 3141 2115 3221 sanguis
2150 3159 2330 3206 meus
2361 3143 2512 3207 noui
2538 3148 2601 3207 et
2634 3146 2879 3209 aeterni

276 3249 666 3325 testamenti,
718 3248 826 3329 qui
870 3265 985 3329 pro
1032 3245 1255 3310 multis
1301 3244 1665 3310 effundetur
1713 3246 1777 3309 in
1823 3244 2264 3310 remissionem
2302 3253 2722 3328 peccatorum.
2771 3250 2875 3315 29.

274 3355 439 3419 Dico
484 3358 696 3418 autem
743 3352 960 3418 uobis:
1035 3370 1158 3416 non
1213 3350 1425 3416 bibam
1486 3351 1712 3415 amodo
1775 3351 1853 3414 de
1915 3351 2037 3414 hac
2098 3357 2391 3416 creatura
2453 3352 2604 3417 uitis
2664 3353 2876 3434 huiusi,

275 3476 480 3540 usque
526 3458 591 3521 in
638 3458 803 3522 diem
835 3456 1036 3536 illum,
1085 3474 1224 3521 cum
1273 3455 1430 3520 illud
1464 3454 1674 3519 bibam
1706 3452 2038 3520 uobiscum
2072 3455 2305 3520 nobum
2352 3457 2416 3521 iu
2449 3476 2644 3540 regno
2682 3460 2878 3540 patris

276 3565 421 3629 mei.
470 3565 572 3628 30.
621 3563 707 3627 Et
738 3561 968 3645 hymno
1017 3562 1209 3635 dicto,
1258 3560 1552 3626 exierunt
1596 3558 1661 3623 in
1708 3564 1989 3624 montem
2038 3557 2296 3625 Olibeti.
2345 3563 2447 3627 31.
2496 3561 2673 3627 Tunc
2725 3564 2880 3630 dicit

277 3669 441 3734 illis:
514 3685 735 3732 omnes
783 3685 898 3733 uos
946 3665 1317 3733 scandalum
1365 3665 1696 3746 patiemini
1744 3664 1810 3728 in
1855 3682 1956 3727 me
2003 3664 2068 3727 in
2114 3665 2241 3731 ista
2286 3670 2488 3732 nocte.
2560 3666 2878 3750 Scriptum

278 3778 378 3839 est
430 3775 637 3839 enimi
705 3773 1074 3837 Percutiam
1120 3775 1444 3852 pastorem
1493 3773 1560 3833 et
1605 3769 2058 3850 dispargentur
2102 3788 2256 3834 oues
2301 3772 2531 3852 gregis.
2602 3773 2704 3837 32.
2755 3772 2878 3838 Sed

277 3885 610 3962 postquam
655 3896 1088 3955 ressurexero,
1137 3874 1511 3959 praecedam
1560 3892 1676 3940 uos
1724 3875 1790 3938 in
1854 3873 2224 3940 Galilaeam.
2295 3877 2398 3941 33.
2457 3877 2875 3959 Respondens

282 3990 501 4049 autem
563 3984 794 4049 Petrus
839 3984 962 4048 ait:
1036 3980 1100 4046 Si
1151 3999 1369 4046 omnes
1439 3979 2044 4045 scandalizabuntur
2090 3979 2155 4044 in
2204 3984 2288 4064 te,
2358 4000 2475 4065 ego
2540 4001 2880 4065 numquam

264 4087 778 4155 scandalizabor.
843 4090 945 4154 34.
998 4088 1173 4154 Dicit
1235 4086 1330 4151 illi
1379 4086 1606 4152 Jesus:
1670 4085 1871 4149 Amen
1922 4085 2063 4150 dico
2109 4085 2247 4165 tibi,
2309 4087 2478 4168 quod
2527 4089 2648 4153 hac
2693 4094 2879 4154 nocte

280 4201 621 4277 antequam
667 4192 876 4275 gallus
923 4197 1156 4275 cantet,
1204 4197 1306 4256 ter
1351 4209 1448 4255 me
1494 4190 1780 4273 negabis
1844 4191 1947 4255 35.
1998 4190 2108 4254 Ait
2153 4189 2246 4254 illi
2291 4189 2557 4256 Petrus:
2609 4192 2877 4260 Etiamsi

282 4298 686 4382 opportuerit
729 4316 830 4362 me
877 4297 1036 4363 mori
1082 4302 1313 4379 tecum,
1362 4315 1486 4360 non
1530 4299 1598 4359 te
1645 4295 1909 4376 negabo.
1958 4294 2268 4360 Similiter
2315 4301 2381 4361 et
2425 4315 2642 4364 omnes
2690 4299 2877 4364 disci-

281 4405 416 4487 puli
449 4405 765 4469 dixerunt.
813 4405 918 4470 36.
967 4402 1144 4467 Tunc
1174 4402 1355 4467 uenit
1383 4400 1424 4465 J
1429 4418 1576 4465 esus
1609 4418 1754 4464 cum
1785 4399 1915 4465 illis
1946 4399 2009 4464 iu
2043 4401 2394 4484 praedium,
2444 4403 2613 4484 quod
2646 4403 2882 4468 dicitur

264 4508 689 4587 Gedsamani,
737 4513 804 4573 et
850 4508 1017 4573 dixit
1063 4506 1396 4590 discipulis
1444 4506 1607 4571 suis:
1679 4502 1916 4570 Sedete
1962 4505 2066 4570 hic
2110 4506 2310 4572 donec
2357 4524 2433 4572 eo
2480 4507 2633 4572 illuc
2678 4527 2878 4573 orare.

283 4618 386 4683 37.
434 4614 519 4680 Et
565 4615 900 4697 adsumpto
962 4614 1155 4677 Petro
1217 4617 1283 4677 et
1342 4611 1586 4676 duobus
1645 4609 1798 4676 filiis
1843 4611 2178 4689 Zebedaei,
2241 4613 2454 4693 coepit
2517 4612 2883 4677 contristari

284 4728 349 4785 et
395 4726 635 4785 mestus
682 4738 842 4785 esse.
929 4721 1036 4784 38.
1083 4719 1259 4783 Tunc
1306 4716 1398 4780 ait
1445 4715 1606 4780 illis:
1679 4715 1914 4779 Tristis
1963 4719 2063 4779 est
2110 4716 2318 4778 anima
2364 4734 2503 4780 mea
2549 4734 2753 4799 usque
2801 4716 2879 4780 ad

287 4831 571 4912 mortem,
618 4825 929 4891 sustinete
975 4823 1078 4888 hic
1123 4826 1188 4886 et
1235 4821 1500 4906 uigilate
1546 4837 1812 4884 mecum.
1869 4818 1967 4883 39.
2019 4818 2103 4882 Et
2148 4837 2525 4900 progressus
2569 4819 2871 4904 pusillum
