3484 5617
396 477 455 531 C.
498 483 579 531 11.
1136 473 1501 543 Euangelium
1538 471 1839 527 secundum
1876 471 2238 526 Matthaeum.
2923 475 3002 539 13

398 688 604 753 minus
651 688 806 752 eius.
898 687 966 753 Si
1011 689 1258 768 patrem
1327 683 1605 749 familias
1677 682 1962 747 uelzebul
2037 683 2448 763 uocaberunt,
2512 689 2751 767 quanto
2800 683 3003 767 magis

396 792 780 858 domesticos
828 790 1012 857 eius?
1101 793 1203 857 26.
1276 790 1373 854 Ne
1419 806 1571 871 ergo
1617 787 1969 853 timueritis
2014 805 2145 852 eos,
2237 786 2412 852 Nihil
2464 790 2631 853 enim
2683 794 2998 871 opertum,

397 898 567 980 quod
612 915 737 961 non
783 896 1194 972 reuelabitur‚
1242 899 1307 960 et
1355 893 1692 971 occultum,
1741 893 1912 974 quod
1960 909 2082 957 non
2130 890 2391 957 scietur.
2476 894 2581 960 27.
2631 892 2812 970 Quod
2861 893 3003 959 dico

396 1003 582 1068 uobis
628 1004 691 1066 in
738 1001 1019 1067 tenebris
1033 1050 1049 1083 ,
1090 1000 1282 1066 dicite
1329 1001 1391 1065 iu
1443 1000 1719 1077 lumine;
1790 1002 1856 1063 et
1903 997 2074 1079 quod
2121 998 2185 1062 iu
2235 1016 2389 1064 aure
2441 998 2701 1082 auditiS‚
2749 998 3006 1080 praedi-

399 1112 540 1173 cate
602 1126 793 1188 super
853 1107 1059 1172 tectal
1152 1107 1254 1172 28.
1320 1106 1405 1170 Et
1467 1104 1666 1169 nolite
1727 1105 1958 1169 timere
2021 1121 2153 1180 eoS‚
2217 1105 2327 1186 qui
2388 1103 2688 1170 occidunt
2753 1121 3004 1188 corpus,

401 1214 676 1277 animam
742 1217 955 1277 autem
1016 1229 1142 1277 non
1203 1214 1474 1293 possunt
1540 1210 1865 1288 occidere3
1937 1209 2051 1274 sed
2112 1209 2324 1290 potius
2388 1228 2531 1274 eum
2584 1209 2824 1288 timete,
2895 1209 3004 1289 qui

404 1321 616 1399 potest
639 1316 911 1381 animam
957 1320 1022 1380 et
1053 1333 1283 1396 corpus
1317 1315 1585 1396 perdere
1617 1315 1682 1378 in
1714 1313 2091 1395 gehennam.
2141 1314 2241 1379 29.
2294 1312 2521 1380 Nonne
2554 1314 2676 1378 duo
2708 1330 3002 1395 passeres

399 1441 544 1487 asse
591 1419 909 1486 ueniunt?
955 1423 1020 1484 et
1065 1438 1233 1485 uuus
1279 1438 1358 1484 ex
1403 1419 1534 1485 illis
1582 1409 1928 1484 nou'cadit
1973 1436 2169 1500 super
2205 1423 2442 1483 terram
2489 1420 2629 1484 sine
2673 1418 3006 1484 uoluntate

401 1525 603 1606 patris
650 1526 871 1603 uestri,
920 1523 1026 1605 qui
1076 1527 1175 1589 est
1218 1523 1284 1588 in
1332 1524 1572 1588 caelis?
1648 1526 1750 1594 30.
1801 1523 1927 1590 Sed
1974 1530 2040 1589 et
2088 1524 2302 1604 capilli
2353 1524 2581 1606 capitis
2631 1524 2838 1590 uestri
2888 1542 2996 1588 nu·

400 1630 627 1695 merati
675 1634 826 1695 sunt
868 1646 1102 1695 omnes.
1169 1630 1270 1695 31.
1322 1628 1535 1694 Nolite
1582 1647 1734 1710 ergo
1781 1630 2041 1708 timere3
2091 1630 2289 1694 multo
2337 1648 2454 1697 uos
2499 1628 2801 1695 meliores
2846 1629 3004 1693 estis

403 1733 803 1817 passeribusl
897 1735 999 1799 32.
1065 1731 1289 1798 Omnis
1350 1753 1502 1815 ergo
1564 1735 1672 1815 qui
1740 1732 2148 1800 confitebitur
2203 1754 2305 1799 me
2366 1751 2576 1801 coram
2624 1733 3004 1811 hominibusi,

406 1838 752 1905 confitebor
787 1844 852 1905 et
883 1856 999 1918 ego
1033 1858 1174 1903 eum
1210 1857 1419 1904 coram
1452 1841 1636 1920 patre
1669 1858 1830 1920 mec,
1864 1839 1972 1922 qui
2008 1844 2107 1906 est
2140 1840 2200 1903 111
2238 1840 2447 1905 caelis.
2498 1841 2601 1906 33.
2636 1839 2759 1917 Qui
2794 1844 3002 1903 autem

403 1943 736 2028 negaberit
781 1963 881 2009 me
927 1962 1140 2009 coram
1189 1944 1570 2024 hominibusi,
1618 1944 1868 2026 negabo
1913 1949 1980 2010 et
2023 1964 2139 2027 ego
2182 1964 2323 2010 eum
2374 1963 2584 2010 coram
2627 1949 2812 2026 patre
2844 1962 3006 2022 mec,

403 2053 512 2132 qui
583 2051 791 2117 estin
839 2049 1055 2116 caelis.
1145 2052 1248 2115 34.
1313 2050 1529 2115 Nolite
1579 2051 1893 2115 arbitrare
1955 2049 2105 2131 quia
2167 2049 2312 2114 ueni
2373 2051 2630 2115 mittere
2676 2066 2895 2131 pacem
2942 2049 3005 2119 in

399 2163 669 2231 terram3
733 2174 857 2220 non
905 2155 1054 2218 ueni
1100 2173 1320 2237 pacem
1367 2156 1639 2234 mittere,
1688 2154 1801 2220 sed
1846 2154 2155 2237 gladium.
2232 2155 2336 2221 35.
2394 2153 2567 2220 Ueni
2613 2154 2779 2220 euim
2826 2172 3006 2234 sepa-

402 2279 545 2325 rare
591 2259 792 2325 filium
837 2259 1147 2325 aduersus
1190 2262 1441 2342 patrem
1488 2278 1699 2339 suum,
1763 2265 1828 2325 et
1875 2258 2069 2324 filiam
2117 2260 2431 2325 aduersus
2493 2264 2760 2326 matrem
2805 2277 3005 2334 suam,

405 2370 469 2429 et
516 2384 742 2429 nurum
789 2365 1101 2431 aduersus
1170 2382 1418 2429 socrum
1468 2383 1670 2445 suum,
1764 2366 1869 2431 36.
1931 2369 1997 2429 et
2041 2363 2279 2432 inimici
2340 2363 2614 2431 hominis
2678 2365 3006 2430 domestici

402 2472 560 2536 eius.
608 2471 712 2542 37.
762 2468 884 2546 Qui
933 2469 1146 2550 diligit
1192 2474 1439 2552 patrem
1506 2475 1624 2535 aut
1669 2475 1938 2535 matrem
1984 2469 2128 2552 plus
2174 2488 2364 2552 quam
2410 2489 2529 2548 me,
2578 2489 2703 2534 non
2751 2477 2853 2535 est
2905 2488 3005 2534 me

405 2576 655 2659 dignm,
718 2581 785 2639 et
828 2577 937 2659 qui
986 2579 1158 2639 amat
1204 2573 1402 2640 filium
1471 2578 1584 2639 aut
1630 2573 1826 2639 filiam
1888 2593 2068 2640 suam
2114 2574 2259 2656 plus
2306 2593 2491 2657 quam
2547 2593 2669 2655 me,
2735 2593 2861 2641 non
2909 2577 3010 2639 est

405 2698 506 2743 me
553 2679 802 2760 dignus.
881 2681 983 2745 38.
1031 2680 1121 2744 Et
1168 2679 1272 2761 qui
1318 2697 1444 2744 non
1493 2679 1818 2760 acceperit
1864 2698 2113 2744 crucem
2178 2698 2355 2745 suam
2403 2685 2468 2745 et
2512 2685 2774 2746 secutus
2818 2678 3011 2745 fuerit

407 2805 526 2864 me,
575 2804 698 2849 non
747 2791 847 2850 est
892 2803 990 2849 me
1038 2785 1286 2867 dignus,
1351 2787 1455 2850 39.
1504 2783 1627 2861 Qui
1674 2785 1924 2850 inuenit
1968 2783 2242 2851 animam
2290 2803 2491 2861 suam,
2542 2786 2766 2868 perdet
2812 2785 3007 2863 illam,

406 2895 470 2955 et
534 2889 643 2972 qui
691 2887 1050 2970 perdiderit
1098 2890 1372 2954 animam
1434 2908 1611 2954 suam
1658 2896 1921 2973 propter
1965 2908 2086 2970 me,
2147 2891 2436 2956 inueniet
2479 2906 2641 2957 eam.
2730 2891 2836 2955 40.
2885 2889 3008 2967 Qui

405 2995 637 3077 recipit
697 3012 830 3073 1103,
878 3013 979 3059 me
1023 2995 1275 3078 recipit,
1318 3000 1385 3059 et
1432 2995 1541 3077 qui
1588 3014 1686 3059 me
1733 2995 1984 3078 recipit,
2046 2997 2278 3079 recipit
2321 3014 2463 3062 eum
2514 2997 2621 3078 qui
2669 3015 2767 3062 me
2811 2996 3005 3061 misit.

405 3101 511 3165 41.
562 3099 683 3177 Qui
730 3100 961 3181 recipit
1006 3100 1378 3182 prophetam
1424 3100 1490 3186 in
1529 3099 1784 3165 nomine
1830 3100 2200 3182 prophetae,
2249 3101 2606 3167 mercedem
2656 3102 3008 3183 prophetae

403 3205 692 3287 accipiet,
739 3210 806 3269 et
851 3205 959 3286 qui
990 3205 1224 3285 recipit
1266 3205 1502 3269 iustum
1530 3204 1593 3270 in
1628 3205 1882 3271 nomine
1915 3204 2085 3285 iusti,
2135 3207 2489 3272 mercedem
2525 3208 2688 3272 iusti·
2711 3207 3005 3288 accipiet.

401 3312 508 3375 42.
554 3310 642 3373 Et
690 3310 1072 3392 quicumque
1119 3309 1372 3375 dederit
1417 3311 1529 3375 uui
1573 3330 1653 3375 ex
1681 3311 1962 3376 minimis
2007 3313 2150 3377 istis
2197 3313 2458 3377 calicem
2492 3331 2698 3393 aquae
2738 3311 3009 3395 frigidae

401 3416 464 3481 in
511 3415 765 3480 nomine
811 3432 971 3497 meo,
1016 3432 1203 3480 amen
1252 3415 1393 3480 dico
1439 3415 1655 3482 uobis:
1705 3417 1858 3498 quia
1902 3435 2026 3482 non
2084 3415 2318 3498 peribit
2362 3434 2607 3482 merces
2655 3437 2788 3483 sua.

609 3622 738 3690 xl.
777 3627 830 3688 l.
866 3623 952 3688 Et
979 3623 1215 3689 factum
1255 3629 1370 3704 est,
1419 3643 1559 3689 cum
1593 3633 2094 3692 consummasset
2122 3627 2163 3691 J
2169 3646 2320 3693 esus
2350 3628 2544 3693 uerba
2577 3628 2733 3693 haec
2763 3629 3006 3708 praeci·

405 3730 586 3810 piens
635 3727 784 3795 XII.
832 3728 1168 3811 discipulis
1214 3729 1368 3806 suis,
1429 3730 1686 3795 transiit
1731 3731 1883 3796 inde
1942 3738 2016 3795 ut
2062 3731 2326 3797 doceret
2385 3738 2450 3797 et
2495 3733 2900 3814 praedicaret
2941 3733 3007 3798 in

406 3832 780 3900 ciuitatibus
828 3852 1066 3899 eorum.
1131 3835 1188 3898 2.
1238 3834 1568 3899 Johannes
1617 3840 1833 3899 autem
1880 3853 2021 3899 cum
2068 3836 2353 3902 audisset
2396 3837 2462 3900 in
2509 3856 2766 3903 carcere
2811 3856 3007 3919 opera

408 3937 669 4016 Christi,
719 3939 981 4004 mittens
1027 3939 1376 4022 discipulos
1423 3958 1573 4005 suos
1621 3944 1687 4004 et
1710 3940 1802 4004 ait
1848 3940 2010 4006 illis:
2058 3941 2303 4006 Euntes
2351 3943 2587 4008 dicite:
2640 3943 2731 4008 Tu
2778 3962 2848 4009 es
2896 3944 3005 4026 qui

407 4050 712 4108 venturus
758 4063 847 4119 eS‚
910 4064 991 4110 an
1038 4045 1229 4109 alium
1277 4046 1731 4126 expectamus?
1821 4048 1883 4113 4.
1933 4046 2351 4127 Respondeas
2412 4051 2624 4113 autem
2670 4046 2863 4114 Jesus
2912 4049 3005 4114 ait

405 4147 568 4214 illis:
633 4154 860 4214 euntes
927 4149 1295 4215 renuntiate
1366 4149 1644 4215 Johan-ui
1712 4169 1877 4233 quae
1936 4151 2175 4216 auditis
2238 4156 2303 4217 et
2358 4152 2610 4218 uidetis.
2700 4153 2761 4218 5.
2815 4152 3003 4219 Caeci

405 4252 628 4317 uident
688 4257 755 4317 et
802 4254 1010 4319 claudi
1060 4253 1404 4335 ambulant,
1465 4255 1704 4337 leprosi
1752 4254 2164 4337 mundantur,
2224 4263 2290 4323 et
2347 4257 2524 4323 surdi
2587 4258 2877 4337 audiunt,
2940 4265 3006 4324 et

409 4359 647 4423 mortui
697 4362 1047 4440 resurgunt
1093 4365 1156 4424 et
1201 4378 1516 4442 pauperes
1565 4361 2104 4443 euangelizantur.
2151 4364 2209 4427 6.
2256 4362 2343 4427 Et
2388 4362 2612 4427 beatus
2658 4364 2768 4445 qui
2814 4365 2877 4427 in
2911 4383 3011 4430 me

403 4481 527 4528 non
573 4461 769 4529 fuerit
814 4463 1303 4530 scandalizatus.
1371 4467 1428 4529 7.
1480 4465 1879 4533 Abeuntibus
1941 4473 2155 4531 autem
2215 4467 2346 4533 illis
2416 4469 2628 4551 coepit
2673 4466 2864 4534 Jesus
2904 4469 3011 4534 do-

407 4587 549 4633 cere
599 4568 678 4632 ad
727 4568 947 4634 turbas
992 4568 1075 4634 de
1120 4568 1414 4635 Johanne
1453 4569 1783 4651 Baptista:
1834 4570 2000 4647 Quid
2033 4572 2258 4638 existis
2287 4572 2352 4637 in
2387 4572 2707 4640 desertum
2737 4574 3011 4639 uidere?

407 4673 778 4738 arundinem
829 4693 865 4738 a
909 4680 1102 4739 uento
1146 4674 1439 4738 moueri?
1544 4675 1602 4739 8.
1668 4671 1794 4738 Sed
1857 4675 2007 4754 quid
2072 4677 2296 4741 existis
2343 4677 2618 4741 uidere?
2689 4677 3004 4743 hominem

407 4776 702 4842 mollibus
750 4777 1148 4843 uestimentis
1195 4776 1532 4842 indutum?
1618 4775 1791 4842 Ecce
1837 4778 1944 4859 qui
1993 4778 2288 4845 mollibus
2352 4781 2731 4863 uestiuntur‚
2778 4782 2845 4845 111
2891 4783 2999 4847 do·
