3484 5617
340 489 411 547 C}
435 462 505 548 δῖ
1107 488 1473 557 Euangelium
1512 472 1814 542 secundum
1852 485 2122 539 Marcum.
2807 486 2924 549 131

335 707 474 772 erit.
538 706 640 770 33.
706 706 804 770 Ad
869 704 977 768 ille
1039 718 1389 767 conuersus
1451 697 1678 762 uidens
1739 695 2087 776 discipulos
2153 712 2303 757 suos
2373 693 2789 758 comminatus
2836 697 2935 755 est

332 810 520 874 Petro
568 809 820 874 dicens:
887 804 1072 871 Uade
1118 811 1289 869 retro
1336 822 1456 882 me,
1521 807 1801 879 satanaS,
1865 801 2164 881 quoniam
2227 817 2351 862 non
2423 799 2597 879 sapis
2645 816 2721 861 ea
2768 815 2933 878 quae

333 913 437 977 dei
484 919 653 988 suut,
701 913 814 978 sed
863 929 1023 992 quae
1071 916 1220 973 sunt
1265 909 1590 971 hominum
1663 906 1766 969 34.
1816 906 1902 969 Et
1947 907 2300 970 conuocata
2343 901 2530 979 turba
2565 918 2707 963 cum
2742 901 2932 964 disci-

331 1018 501 1099 pulis
563 1018 698 1081 suis
762 1017 955 1081 dixit:
1021 1014 1086 1078 Si
1150 1014 1293 1094 quis
1356 1012 1495 1075 uult
1558 1010 1739 1090 sequi
1803 1013 1946 1090 post
1991 1028 2109 1087 me,
2160 1007 2429 1087 deneget
2476 1024 2545 1069 se
2592 1009 2658 1068 et
2703 1003 2933 1069 tollens

333 1139 583 1186 crucem
651 1140 837 1186 suam
905 1123 1213 1200 sequatur
1282 1134 1401 1180 me.
1475 1116 1578 1181 35.
1652 1115 1773 1191 Qui
1843 1113 2009 1177 enim
2083 1112 2359 1175 uoluerit
2407 1109 2682 1173 animam
2755 1129 2933 1174 suam

333 1225 574 1289 saluam
652 1224 883 1301 facere,
965 1223 1188 1304 perdet
1263 1239 1437 1301 eam3
1517 1220 1624 1300 qui
1702 1221 1912 1284 autem
1988 1216 2341 1298 perdiderit
2410 1215 2680 1277 animam
2753 1231 2929 1276 suam

331 1334 592 1411 propter
616 1329 1041 1410 euangelium,
1075 1325 1323 1390 saluam
1354 1324 1552 1388 faciet
1583 1341 1744 1387 eam.
1793 1326 1895 1388 36.
1948 1322 2112 1398 Quid
2151 1322 2314 1385 enim
2347 1319 2639 1401 proderit
2667 1316 2928 1393 homiui,

334 1436 385 1501 si
433 1435 716 1498 lucretur
778 1432 1149 1496 uniuersum
1212 1429 1516 1493 mundum
1580 1432 1645 1492 et
1706 1426 2158 1492 detrimentum
2219 1425 2414 1490 faciat
2459 1424 2710 1488 animae
2757 1440 2928 1486 suae.

331 1540 433 1604 37.
502 1539 631 1601 Aut
692 1537 843 1617 quid
891 1535 1070 1599 dabit
1115 1534 1301 1600 homo
1369 1533 1928 1598 commutationem
1999 1549 2113 1612 pro
2163 1531 2372 1594 anima
2418 1527 2582 1592 sua?
2659 1528 2756 1590 38.
2809 1525 2932 1602 Qui

331 1646 540 1707 autem
589 1660 688 1705 me
736 1639 1036 1704 confusus
1084 1640 1279 1704 fuerit
1324 1642 1389 1701 et
1433 1640 1627 1702 uerba
1678 1655 1817 1700 mea
1878 1638 1942 1700 in
2009 1635 2420 1716 generatione
2472 1633 2588 1695 hac
2637 1629 2932 1696 adultera

330 1751 396 1810 et
440 1747 811 1828 peccatrice,
884 1751 1039 1810 tuuc
1106 1743 1276 1809 filius
1344 1743 1618 1810 hominis
1688 1742 2032 1808 confundet
2098 1758 2261 1816 eum,
2333 1756 2476 1802 cum
2549 1736 2796 1800 uenerit
2864 1737 2930 1799 in

329 1849 847 1932 gloriampatris
914 1851 1010 1914 sui
1061 1868 1201 1912 cum
1250 1848 1494 1930 angelis
1556 1848 1812 1913 sanctis.
1884 1848 1986 1912 39.
2049 1844 2138 1908 Et
2185 1842 2438 1907 dicebat
2482 1840 2646 1906 illis:
2725 1839 2928 1904 Amen

332 1954 474 2019 dico
510 1954 713 2030 uobiS,
748 1953 915 2033 quod
947 1957 1100 2017 sunt
1146 1952 1404 2032 quidam
1453 1952 1528 2015 de
1580 1949 2146 2015 circumstantibus
2194 1964 2457 2023 mecum,
2487 1943 2596 2024 qui
2646 1962 2769 2008 non
2817 1963 2928 2025 gu-

335 2058 597 2124 stabunt
640 2063 926 2136 mortem,
980 2057 1183 2122 donec
1228 2056 1493 2120 uideant
1537 2073 1800 2136 regnum
1849 2054 1952 2118 dei
2000 2053 2263 2118 ueniens
2307 2052 2372 2116 in
2420 2049 2742 2115 uirtutem.

535 2260 667 2329 lx.
733 2265 788 2327 1.
836 2262 920 2327 Et
988 2267 1134 2343 post
1180 2262 1317 2327 dies
1369 2261 1453 2327 VI
1534 2259 1895 2342 adsumpsit
1939 2258 2130 2325 Jesus
2178 2260 2438 2324 Petrum
2504 2264 2572 2324 et
2616 2258 2927 2324 Jacobum

326 2372 391 2433 et
438 2367 775 2433 Johannen
833 2372 899 2432 et
945 2365 1130 2431 duxit
1190 2366 1335 2431 illos
1405 2367 1469 2430 10
1515 2370 1796 2431 montem
1863 2365 2242 2429 altissimum
2290 2382 2576 2428 seorsum
2625 2363 2813 2441 80108,
2864 2367 2930 2427 et

324 2469 817 2552 transfiguratus
866 2474 967 2535 est
1012 2487 1226 2535 coram
1273 2469 1451 2551 ipsis,
1502 2472 1558 2533 2.
1608 2468 1697 2534 Et
1727 2469 2112 2534 uestimenta
2146 2468 2283 2534 eius
2330 2469 2504 2532 facta
2535 2473 2684 2533 sunt
2716 2468 2897 2549 splen

328 2575 478 2640 dida
541 2577 718 2641 uelut
776 2576 904 2653 nix,
970 2574 1187 2656 qualia
1246 2575 1391 2655 quis
1450 2593 1576 2637 000
1622 2576 1838 2654 potest
1899 2571 2111 2635 facere
2160 2591 2353 2652 super
2399 2576 2653 2637 terram.
2732 2573 2792 2637 3.
2841 2571 2927 2635 Et

324 2679 620 2761 apparuit
667 2678 795 2743 illis
844 2678 1065 2743 Helias
1091 2697 1233 2743 cum
1281 2678 1567 2760 Moysen,
1615 2680 1680 2739 et
1725 2681 1909 2740 erant
1941 2674 2277 2756 loquentes
2311 2693 2452 2740 cum
2499 2674 2679 2740 Jesu.
2727 2676 2789 2739 4.
2837 2674 2924 2738 Et

324 2784 719 2866 respondens
767 2783 994 2848 Petrus
1041 2783 1120 2846 ad
1167 2781 1386 2847 Jesum
1436 2781 1627 2846 dixit:
1677 2780 1880 2858 rabbi,
1931 2780 2162 2844 bonum
2214 2784 2314 2844 est
2358 2779 2541 2846 nobis
2587 2779 2692 2843 hic
2738 2797 2922 2856 esse;

324 2889 443 2967 uis,
475 2886 703 2953 faciam
734 2888 861 2953 tria
903 2886 1350 2953 tabernacula:
1398 2887 1516 2951 tibi
1563 2905 1761 2949 unum
1795 2888 1862 2949 et
1893 2883 2102 2965 Moysi
2134 2902 2327 2947 uuum
2360 2888 2425 2947 et
2456 2882 2684 2948 Heliae
2709 2902 2922 2948 unum.

325 2993 385 3058 5.
437 2993 577 3058 Non
604 2993 771 3058 enim
798 2994 1062 3070 sciebat,
1113 2993 1266 3073 quid
1317 2992 1575 3074 diceret,
1641 2991 1870 3054 timore
1899 2988 2065 3053 enim
2114 2990 2439 3071 perterriti
2486 2994 2685 3054 erant.
2733 2992 2792 3054 6.
2840 2990 2927 3054 Et

321 3096 494 3163 facta
541 3103 640 3179 est
682 3098 847 3163 nubs
892 3098 1315 3164 subumbrans
1362 3097 1527 3175 illos,
1575 3101 1640 3161 et
1689 3097 1865 3161 uenit
1911 3112 2036 3158 uox
2104 3095 2185 3158 de
2252 3094 2422 3158 nube
2470 3094 2722 3159 dicens:
2797 3094 2920 3160 Hic

322 3207 424 3269 est
489 3201 658 3268 filius
723 3222 906 3268 meus
978 3203 1369 3285 carissimus,
1456 3202 1624 3267 hunc
1705 3201 1947 3265 audite.
2044 3201 2100 3265 7.
2169 3199 2256 3264 Et
2333 3197 2920 3280 circumspicientes

323 3307 637 3373 neminem
685 3308 959 3392 amplius
1005 3308 1328 3385 uiderunt,
1375 3307 1500 3372 nisi
1546 3305 1770 3372 Jesum
1818 3310 2068 3370 tantum
2116 3323 2347 3370 secum.
2419 3307 2478 3371 8.
2529 3304 2614 3368 Et
2662 3305 2922 3369 descen-

322 3412 620 3479 dentibus
687 3414 816 3479 illis
863 3414 943 3479 de
990 3418 1228 3494 monte,
1292 3414 1620 3495 praecepit
1680 3410 1830 3493 illis,
1878 3429 1958 3475 00
2005 3411 2297 3493 cuiquam
2344 3427 2507 3490 quae
2553 3409 2918 3473 uididssent

322 3524 679 3595 narrarent,
748 3518 874 3581 0181
925 3535 1066 3581 0001
1112 3515 1285 3581 filius
1332 3516 1604 3580 hominis
1654 3536 1691 3579 a
1740 3515 2011 3579 mortuis
2044 3516 2488 3578 resurrexerit.
2537 3514 2595 3577 9.
2643 3512 2730 3576 Et
2775 3531 2922 3576 uer·

322 3621 468 3683 bum
514 3621 633 3685 hoc
692 3623 1096 3687 retinuerunt
1163 3624 1319 3701 aput
1389 3620 1767 3699 semetipsos
1837 3620 2306 3700 conquirentes,
2378 3616 2679 3698 quidnam
2747 3622 2921 3682 esset

322 3722 441 3785 hoc
486 3741 627 3786 cum
675 3743 713 3788 a
754 3725 1025 3789 mortuis
1071 3723 1572 3789 resurrexisset?
1625 3725 1719 3788 10.
1772 3723 1858 3785 Et
1889 3722 2371 3803 interrogabant
2418 3739 2561 3786 eum
2596 3720 2915 3785 dicentes:

322 3824 486 3902 Quia
530 3826 753 3892 dicunt
798 3829 1086 3893 scribae:
1136 3827 1390 3892 Heliam
1436 3831 1688 3909 oportet
1732 3828 2008 3909 primum
2056 3825 2295 3891 uenire.
2350 3829 2446 3890 11.
2495 3825 2925 3906 Respondens,

322 3937 532 3997 autem
601 3930 761 3997 dixit
829 3932 988 3997 illis:
1062 3932 1304 4011 Helias,
1376 3951 1516 3997 cum
1584 3932 1838 3996 uenerit
1907 3933 2127 4013 primo,
2198 3931 2494 3995 restituet
2555 3930 2785 4010 omnia,
2857 3936 2922 3996 et

321 4036 634 4117 quomodo
705 4038 1014 4119 scriptum
1077 4042 1177 4102 est
1238 4037 1302 4100 in
1363 4035 1566 4101 filium
1611 4037 1909 4115 hominis,
1979 4041 2051 4100 ut
2095 4036 2294 4101 multa
2341 4034 2623 4117 patiatur
2667 4039 2735 4098 et
2779 4053 2919 4100 con-

320 4145 654 4206 temnatur.
708 4144 807 4208 12.
855 4142 980 4208 Sed
1028 4141 1168 4206 dico
1219 4139 1420 4220 001118,
1482 4143 1631 4223 quia
1677 4147 1744 4206 et
1806 4140 2029 4231 Helias
2093 4141 2269 4205 uenit
2354 4144 2420 4205 et
2486 4138 2779 4205 fecerunt
2823 4140 2919 4205 illi

320 4265 755 4329 quaecumque
821 4247 1183 4324 uoluerunt,
1232 4246 1399 4311 sicut
1444 4248 1754 4327 scriptum
1802 4251 1906 4311 est
1950 4246 2028 4310 de
2075 4263 2170 4311 00.
2221 4249 2321 4311 13.
2392 4244 2478 4309 Et
2521 4243 2786 4310 ueniens
2834 4245 2916 4309 ad

321 4351 671 4435 discipulos
716 4353 946 4419 uidens
975 4351 1229 4416 turbam
1264 4368 1553 4434 magnam
1602 4351 1681 4415 ad
1729 4368 1842 4414 eos
1889 4355 1956 4415 et
2002 4351 2245 4416 scribas
2279 4350 2727 4432 conquirentes
2774 4368 2914 4414 cum

321 4455 469 4520 illis.
535 4459 635 4521 14.
699 4458 786 4523 Et
832 4456 1166 4522 confestim
1227 4474 1445 4520 omnes
1485 4456 1830 4521 multitudo
1893 4455 2187 4520 uidentes
2232 4455 2472 4533 Jesum,
2521 4462 2920 4535 expauerunt

322 4561 386 4620 et
433 4560 735 4626 cadentes
785 4562 1233 4627 salutauerunt
1279 4579 1439 4626 eum.
1496 4563 1592 4627 15.
1641 4560 1726 4625 Et
1773 4560 2198 4641 interragauit
2243 4561 2388 4625 illos
2436 4560 2687 4626 diceus:
2753 4559 2919 4637 Quid

320 4661 487 4726 inter
531 4681 647 4727 uos
695 4665 1114 4747 conquiritis?
1194 4668 1289 4731 16.
1337 4665 1426 4731 Et
1467 4665 1806 4749 respondit
1851 4666 1910 4728 ei
1954 4682 2120 4728 0008
2167 4666 2248 4729 00
2292 4665 2512 4729 turba:
2586 4663 2915 4746 Magister,

319 4765 557 4830 adduxi
601 4764 803 4830 filium
847 4787 1056 4835 meum
1131 4770 1212 4835 ad
1258 4774 1324 4835 te
1370 4769 1711 4835 habentem
1783 4769 2082 4850 spiritum
2128 4769 2538 4834 immundum.
2624 4772 2720 4834 17.
2794 4768 2914 4846 Qui

2541 4904 2604 4958 91
