3484 5617
216 471 278 525 (3,
319 473 403 526 «μ,
972 467 1338 536 Euangelium
1376 464 1675 521 secundum
1713 463 2071 519 matthaeum.
2733 469 2830 532 33.

221 682 358 748 alas
421 681 588 759 suae,
658 685 722 746 et
783 678 1131 745 noluistis?
1199 681 1301 746 38.
1368 677 1557 761 Ecce,
1620 679 2022 760 relinquetur
2084 675 2269 742 uobis
2318 675 2539 741 domus
2601 680 2818 741 uestra

219 789 493 853 deserta.
566 789 666 852 39.
717 785 877 850 Dico
927 788 1136 850 autem
1204 782 1405 864 uobis,
1458 783 1609 865 quia
1657 803 1779 848 non
1827 801 1928 849 me
1973 782 2280 849 uidebitis
2326 782 2572 861 amod0,
2621 781 2819 849 donec

219 892 488 959 dicatis:
536 892 917 957 benedictus
964 891 1070 971 qui
1118 888 1300 954 benit
1344 889 1409 953 in
1455 890 1708 954 nomine
1755 887 2022 955 domini.

264 1101 268 1104 ’
358 1149 362 1154 -
435 1100 707 1170 xx1v.
782 1105 830 1165 1.
878 1102 966 1165 Et
1013 1118 1311 1183 egressus
1372 1099 1566 1165 Jesus
1629 1101 1710 1164 de
1782 1100 2017 1181 templo
2066 1099 2218 1165 ibat.
2281 1100 2368 1166 Et
2411 1102 2824 1164 accesserunt

224 1207 521 1289 discipuli
590 1208 747 1291 eius,
818 1212 888 1272 ut
950 1203 1361 1271 'ostenderent
1413 1206 1488 1269 -ei
1550 1208 1908 1270 structuras
1972 1205 2208 1286 templi.
2280 1208 2338 1271 2.
2399 1206 2547 1287 Ipse
2610 1209 2820 1270 autem

225 1313 621 1394 respondens
684 1313 846 1377 dixit
908 1311 1069 1376 illis:
1106 1309 1394 1375 vUidetis
1457 1310 1615 1374 baec
1662 1309 1919 1375 omnia?
1998 1310 2194 1374 Amen
2245 1309 2384 1376 dico
2432 1310 2631 1388 uobis,
2695 1328 2820 1374 nou

222 1417 622 1498 relinquetur
665 1417 769 1483 hic
831 1415 998 1498 lapis
1045 1433 1238 1498 super
1284 1414 1577 1497 lapidem,
1644 1415 1752 1496 qui
1801 1433 1927 1479 non
1978 1416 2366 1480 destruatur.
2438 1417 2496 1481 3.
2544 1413 2822 1481 Sedente

225 1526 433 1587 autem
471 1523 606 1604 ipso
645 1539 842 1605 super
886 1526 1161 1586 montem
1197 1513 1459 1597 Oliueti‚
1493 1524 1904 1586 accesserunt
1950 1521 2032 1586 ad
2065 1538 2207 1584 eum
2240 1519 2535 1602 discipuli
2568 1524 2819 1586 secreto

223 1627 540 1692 dicentes:
604 1626 726 1691 Dic
773 1626 975 1704 nobis,
1040 1624 1294 1707 quando
1354 1624 1514 1690 haec
1578 1625 1818 1690 erunt?
1878 1630 1946 1691 et
1992 1626 2162 1707 quod
2209 1626 2459 1708 signum
2505 1626 2821 1691 aduentus

222 1732 336 1813 tui,
382 1738 446 1798 et
493 1731 1052 1797 consummationis
1100 1729 1389 1796 saeculi?
1435 1730 1494 1793 4.
1545 1728 1630 1793 Et
1658 1729 2052 1811 respondens
2096 1729 2292 1796 Jesus
2327 1729 2516 1795 dixit:
2564 1728 2818 1811 Uidete,

224 1856 305 1900 ne
351 1839 490 1917 quis
558 1856 672 1903 uos
737 1837 1002 1903 seducat
1065 1835 1194 1901 ullo
1259 1837 1463 1901 modo.
1534 1836 1592 1901 ὃ.
1666 1832 1856 1900 Multi
1904 1834 2072 1900 enim
2138 1836 2397 1900 uenient
2457 1836 2522 1899 in
2569 1835 2821 1900 nomine

225 1959 385 2023 meo,
434 1939 749 2007 dicentes:
823 1942 958 2021 Ego
1008 1960 1145 2005 sum
1198 1939 1510 2020 Christus,
1574 1947 1640 2004 et
1684 1941 1916 2004 multos
1964 1941 2291 2005 seducent.
2363 1942 2422 2005 6.
2470 1940 2820 2005 Audientes

224 2053 435 2110 autem
479 2046 728 2127 praelia
787 2049 852 2110 et
901 2046 1230 2128 opiniones
1292 2045 1620 2110 bellorum.
1693 2044 1948 2127 Uidete‚
1998 2064 2077 2110 ne
2122 2045 2479 2110 turbemini.
2553 2044 2824 2127 Oportet

225 2150 390 2214 enim
438 2149 577 2215 fieri
626 2151 801 2230 haec,
850 2150 961 2214 sed
1007 2151 1284 2215 nondum
1332 2155 1432 2215 est
1476 2148 1638 2215 finis.
1716 2152 1770 2214 7.
1820 2151 2118 2232 Insurget
2188 2151 2356 2215 enim
2401 2168 2554 2232 gens
2604 2154 2822 2215 contra

219 2260 492 2336 gentem,
542 2260 606 2320 et
637 2274 896 2337 regnum
946 2260 1168 2320 contra
1214 2273 1504 2337 regnum,
1545 2260 1610 2319 et
1655 2258 1844 2319 erunt
1891 2253 2109 2334 fameS,
2159 2259 2225 2320 et
2269 2258 2670 2320 terremotus
2709 2273 2821 2335 per

221 2360 358 2425 loca
408 2361 637 2425 omnia.
687 2362 745 2427 8.
796 2360 971 2426 Haec
1019 2360 1204 2424 initia
1252 2365 1399 2424 sunt
1445 2359 1754 2423 dolorum.
1804 2361 1862 2425 9.
1910 2359 2087 2424 Tunc
2133 2359 2390 2425 tradent
2434 2376 2549 2425 uos
2596 2359 2660 2423 in
2707 2360 2822 2423 tri-

218 2465 631 2544 bulationem,
681 2470 745 2530 et
793 2465 1086 2531 occident
1133 2484 1271 2543 uos,
1322 2470 1388 2529 et
1434 2465 1617 2530 eritis
1679 2464 1825 2530 odio
1873 2465 2161 2529 omnibus
2220 2467 2516 2546 gentibus
2565 2471 2824 2546 propter

218 2591 445 2636 nomen
490 2591 722 2637 meum.
778 2575 872 2638 10.
925 2571 1009 2635 Et
1054 2574 1208 2636 tunc
1254 2570 1858 2635 scandalizabuntur
1903 2571 2199 2651 multi,et
2229 2569 2502 2634 inuicem
2547 2570 2818 2648 tradent,

221 2679 286 2739 et
328 2678 476 2743 odio
520 2677 851 2743 habebunt
910 2676 1204 2741 inuicem.
1279 2678 1378 2739 11.
1434 2675 1519 2739 Et
1582 2674 1761 2739 multi
1826 2674 2426 2756 pseudoprophetae
2489 2675 2842 2755 insurgent·

220 2786 286 2844 et
333 2780 641 2845 seducent
685 2780 938 2846 multos.
1017 2780 1111 2842 12.
1160 2777 1247 2841 Et
1293 2778 1586 2859 quoniam
1639 2778 1991 2846 abundabit
2056 2778 2382 2860 iniquitaS‚
2451 2779 2840 2862 refrigescet

220 2887 462 2950 caritas
547 2884 905 2951 multorum.
1007 2885 1100 2949 13.
1176 2883 1300 2949 Sed
1385 2884 1493 2966 qui
1539 2885 1966 2967 permanserit
2033 2887 2098 2951 in
2178 2883 2384 2964 finem,
2468 2885 2536 2949 in
2613 2883 2820 2967 finem,

220 2989 325 3053 hic
373 2989 594 3055 saluus
641 2989 779 3053 erit.
835 2990 932 3053 14.
982 2986 1067 3052 Et
1113 2987 1585 3069 praedicabitur
1630 2987 1751 3055 hoc
1778 2991 2179 3072 euangelium
2208 2991 2388 3072 regni
2421 2991 2487 3054 in
2521 2990 2821 3057 uniuerso

223 3093 377 3157 orbe
438 3100 756 3158 terrarum
804 3094 866 3158 in
915 3092 1345 3158 testimouium
1394 3095 1684 3160 omnibus
1731 3095 2047 3176 gentibuS‚
2104 3099 2170 3159 et
2219 3102 2369 3160 tunc
2413 3096 2633 3160 ueniet
2678 3114 2822 3161 con-

221 3201 579 3265 summatio,
650 3202 748 3266 15.
799 3198 954 3263 Cum
1017 3216 1168 3280 ergo
1216 3198 1510 3265 uideritis
1559 3201 2089 3266 abominationem
2142 3200 2575 3284 desolationiS‚
2650 3203 2820 3282 quod

221 3301 460 3368 dictum
508 3309 607 3371 est
638 3322 678 3369 a
725 3304 953 3368 Daniel
1003 3304 1329 3386 propheta,
1380 3310 1654 3371 stantem
1688 3307 1752 3371 in
1786 3306 1924 3371 loco
1973 3311 2213 3385 sancto,
2263 3307 2369 3387 qui
2414 3305 2587 3389 legit,
2637 3307 2817 3371 intel·

222 3406 416 3492 legat,
488 3412 583 3477 16.
633 3414 784 3475 tuuc
831 3411 940 3491 qui
1003 3410 1066 3474 in
1116 3408 1365 3475 Judaea
1414 3415 1581 3492 sunt,
1645 3410 1896 3491 fugiant
1943 3413 2006 3476 in
2050 3411 2393 3495 montibus,
2458 3412 2555 3476 17.
2604 3417 2669 3476 et
2713 3412 2823 3494 qui

223 3510 288 3575 in
337 3518 534 3595 tecto,
585 3535 710 3582 non
758 3515 1110 3581 descendat
1153 3514 1381 3579 tollere
1432 3515 1671 3597 aliquid
1720 3517 1797 3580 de
1848 3516 2049 3596 doum,
2123 3521 2217 3583 18.
2266 3521 2332 3582 et
2377 3516 2483 3598 qui
2537 3517 2602 3581 in
2649 3525 2836 3598 agro‚'

212 3636 337 3684 nou
388 3626 754 3687 reuertatur
799 3621 1025 3686 tollere
1072 3619 1346 3683 tunicam
1397 3637 1595 3684 suam.
1667 3622 1763 3685 19.
1811 3620 1950 3686 Uae
1997 3626 2208 3686 autem
2253 3623 2824 3704 pregnantibuset

211 3723 414 3789 ubera
448 3724 749 3789 dantibus
783 3724 847 3788 in
880 3723 1007 3788 illis
1042 3722 1283 3786 diebus.
1337 3724 1439 3787 20.
1491 3722 1687 3788 Orate
1738 3729 1973 3809 autem,
2014 3732 2084 3790 ut
2115 3746 2239 3792 non
2273 3725 2381 3793 fiat
2425 3710 2575 3810 fuga
2606 3713 2823 3794 uestra

209 3830 425 3895 hieme
476 3830 581 3894 uel
631 3829 917 3894 sabbato,
989 3830 1088 3892 21.
1138 3827 1285 3891 Erit
1345 3826 1513 3890 enim
1573 3829 1902 3893 tribulatio
1965 3849 2209 3913 magna,
2279 3832 2486 3914 qualis
2530 3853 2657 3898 non
2702 3833 2826 3899 fuit

212 3933 292 3998 ab
341 3935 532 4001 initio
581 3933 824 4000 saeculi
872 3949 1077 4014 usque
1123 3932 1328 4010 modo,
1378 3950 1587 4014 neque
1635 3931 1764 3999 fiet.
1815 3937 1913 3999 22.
1964 3936 2051 4001 Et
2084 3934 2206 4001 nisi
2253 3935 2524 4003 brebiati
2555 3939 2825 4005 fuissent

214 4040 354 4105 dies
403 4041 522 4121 illi,
571 4058 696 4105 nou
741 4037 926 4104 fieret
972 4037 1155 4103 salua
1186 4036 1392 4103 omnis
1427 4055 1611 4114 car03
1661 4040 1773 4104 sed
1809 4044 2067 4123 propter
2096 4042 2335 4107 electos
2365 4042 2824 4109 brebiabuntur

211 4144 352 4210 dies
400 4147 518 4212 illi.
593 4143 941 4210 23..Tunc
1007 4143 1070 4208 si·
1124 4142 1265 4225 quis
1327 4143 1511 4208 uobis
1575 4143 1843 4211 dixerit:
1920 4146 2086 4211 Ecce
2147 4146 2251 4213 hic
2313 4145 2836 4233 Ch1·istuS‚ecce=

212 4249 361 4335 illic,
398 4253 603 4319 nolite
636 4251 919 4318 credere.
948 4250 1051 4313 24.
1086 4249 1364 4331 Surgeut
1395 4248 1563 4315 enim
1597 4252 2073 4333 pseudochristi
2106 4257 2172 4318 et
2202 4253 2819 4337 pseudoprophetae,

213 4358 277 4418 et
327 4357 580 4424 dabunt
626 4359 810 4440 signa
859 4375 1087 4438 magna
1135 4361 1198 4421 et
1245 4356 1554 4438 prodigia,
1603 4359 1695 4422 ita
1740 4363 1814 4423 ut
1857 4359 1920 4424 in
1968 4379 2248 4427 errorem
2298 4361 2696 4437 inducantur,
2764 4361 2817 4424 si

206 4456 347 4527 fieri
398 4468 637 4545 potest,
686 4463 877 4527 etiam
923 4462 1129 4526 electi.
1181 4461 1282 4527 25.
1330 4460 1499 4526 Ecce
1534 4464 1817 4546 praedixi
1854 4465 2053 4530 uobis.
2103 4467 2205 4531 26.
2238 4463 2305 4530 si
2338 4470 2550 4530 autem
2584 4464 2822 4529 dixerit

207 4565 426 4633 uobis:
500 4588 657 4636 ecce
703 4568 769 4633 in
821 4569 1075 4635 deserto
1123 4573 1241 4651 est,
1312 4566 1412 4631 uel
1462 4584 1610 4631 ecce
1658 4568 1720 4632 in
1772 4570 2226 4654 penetralibus,
2289 4570 2487 4634 nolite
2535 4568 2816 4633 credere.

201 4670 315 4733 27.
363 4671 545 4740 Sicut
590 4673 756 4738 enim
807 4673 1017 4754 fulgur
1062 4671 1192 4736 exit
1239 4669 1317 4735 ab
1365 4670 1608 4735 oriente
1656 4675 1722 4735 et
1766 4678 1951 4752 paret
1996 4692 2201 4755 usque
2249 4673 2660 4753 occidentem,
2729 4674 2829 4737 ita'

212 4771 334 4839 erit
380 4780 447 4841 et
478 4778 798 4844 aduentus
842 4774 928 4840 fili
978 4775 1270 4840 hominis.
1322 4774 1419 4840 28.
1469 4770 1869 4857 Ubicumque
1917 4777 2039 4841 erit
2085 4794 2333 4860 corpus,
2384 4776 2512 4841 illic
2560 4773 2815 4858 congre-

2505 4917 2535 4966 3
