3484 5617
316 482 373 534 C.
415 486 498 533 23.
1100 483 1465 550 Euangelium
1503 483 1801 536 secundum
1839 483 2136 537 Lucanum.
2794 492 2919 555 115

311 691 521 755 nibus.
598 694 692 757 Ad
771 694 909 774 ipse
980 692 1138 757 nihil
1210 694 1267 756 ei
1341 692 1791 774 respondebat.
1870 696 1964 758 10.
2037 695 2308 760 Stabant
2353 697 2547 760 eliam
2594 698 2915 779 principes

311 798 715 861 sacerdotum
765 804 829 862 et
876 798 1121 863 scribae
1177 800 1542 863 constanter
1605 803 1983 864 accusantes
2029 818 2192 864 eum.
2248 803 2346 866 11.
2397 801 2654 882 Spreuit
2700 807 2913 868 autem

309 901 490 966 illum
537 902 828 968 Herodes
877 920 1014 967 cum
1062 902 1450 968 exercitibus
1497 903 1633 967 suis
1661 908 1726 968 et
1774 904 2015 987 inlusit,
2063 908 2129 969 et
2175 904 2466 970 indutum
2502 906 2684 970 illum
2736 913 2913 972 ueste

308 1005 477 1085 alba,
526 1006 774 1072 remisit
821 1008 998 1071 illum
1045 1008 1124 1071 ad
1171 1008 1466 1072 Pilatum.
1547 1009 1646 1070 12.
1716 1008 1895 1073 Tunc
1956 1010 2146 1074 amici
2206 1009 2360 1074 facti
2424 1015 2574 1074 sunt
2619 1010 2912 1077 Herodes

307 1117 378 1174 et
419 1112 673 1176 Pilatus
719 1111 862 1193 ipsa
913 1113 1049 1190 die3
1104 1131 1248 1177 nam
1287 1117 1434 1176 ante
1469 1112 1709 1176 inimici
1739 1110 2001 1178 fuerunt
2046 1113 2127 1179 ad
2174 1114 2466 1179 inuicem.
2519 1116 2619 1179 13.
2668 1115 2910 1181 Pilatus

306 1220 524 1280 autem
573 1219 946 1281 conuocatis
991 1217 1390 1299 principibus
1437 1217 1822 1282 sacerdotun
1884 1222 1951 1282 et
2019 1218 2501 1300 magistratibus
2551 1218 2760 1301 plebis
2811 1223 2909 1285 14.

305 1320 472 1385 dixit
515 1321 593 1384 ad
643 1320 823 1386 illos:
874 1320 1219 1402 Optulistis
1267 1322 1422 1386 mihi
1470 1322 1638 1385 hunc
1684 1321 2023 1401 hominem,
2051 1324 2230 1403 quasi
2258 1328 2655 1388 auertentem
2705 1343 2906 1406 popu-

305 1427 456 1504 lum,
505 1434 569 1491 et
614 1445 764 1491 ecce
811 1447 928 1509 ego
977 1447 1183 1492 coram
1237 1428 1417 1491 uobis
1464 1427 1884 1508 interrogans,
1955 1428 2189 1491 nullam
2241 1447 2492 1492 causum
2539 1429 2799 1493 inuenio
2842 1431 2909 1494 in

305 1532 427 1595 hoc
473 1532 724 1596 homine
772 1551 848 1596 ex
897 1532 1014 1610 his,
1083 1530 1316 1613 quibus
1362 1551 1504 1596 eum
1554 1533 1894 1613 accusatiS‚
1970 1534 2070 1599 15.
2140 1533 2252 1596 sed
2322 1552 2525 1614 neque
2598 1532 2906 1612 HerodeS,

307 1654 453 1700 nam
501 1637 647 1701 misi
696 1655 810 1700 uos
857 1638 937 1700 ad
984 1636 1187 1714 illum,
1254 1642 1319 1700 et
1366 1655 1513 1701 ecce
1576 1636 1735 1700 nibil
1801 1637 2060 1719 dignum
2128 1641 2334 1701 morte
2382 1644 2593 1703 actum
2641 1647 2745 1706 est
2791 1641 2903 1705 illi.

320 1743 408 1805 16.
484 1739 852 1805 Emendabo
921 1760 1072 1822 ergo
1140 1759 1285 1803 eum
1353 1744 1419 1803 et
1468 1739 1801 1802 dimittam.
1882 1739 1979 1802 17.
2050 1740 2329 1804 Necesse
2397 1744 2611 1805 autem
2678 1743 2907 1810 habuit

307 1844 630 1909 dimittere
679 1844 810 1911 illis
858 1845 1205 1909 secundum
1263 1844 1789 1909 consuetudinem
1824 1864 2035 1908 unum.
2089 1847 2184 1909 18.
2238 1844 2641 1912 Exclamauit
2684 1853 2898 1913 autem

306 1950 496 2014 simul
541 1949 844 2017 uniuersa
887 1950 1072 2014 turba
1125 1949 1375 2012 dicens:
1445 1946 1624 2012 Tolle
1668 1945 1839 2011 hunc
1886 1953 1951 2011 et
1998 1948 2246 2012 dimitte
2306 1949 2491 2014 nobis
2537 1951 2903 2031 Barrabam‚

314 2056 407 2120 19.
457 2056 565 2136 qui
615 2060 752 2118 erat
817 2057 1077 2136 propter
1138 2053 1520 2118 seditionem
1583 2053 1898 2132 quandam
1961 2052 2194 2117 factam
2261 2054 2325 2117 in
2375 2053 2638 2121 ciuitate
2685 2062 2749 2121 et
2792 2057 2900 2121 ho·

308 2159 628 2222 micidium
700 2160 930 2223 missus
979 2160 1042 2221 in
1091 2175 1427 2222 carcerem.
1496 2156 1595 2218 20.
1666 2156 1904 2220 Iterum
1955 2161 2169 2221 autem
2217 2156 2461 2223 Pilatus
2504 2160 2759 2225 locutus
2804 2166 2906 2228 est

302 2264 383 2327 ad
433 2263 597 2346 illos,
649 2263 870 2327 uolens
920 2262 1240 2327 dimittere
1286 2260 1529 2326 Jesum.
1600 2262 1702 2324 21.
1754 2260 1853 2324 Ad
1901 2262 1996 2326 illi
2044 2263 2518 2329 succlamabant
2581 2267 2899 2332 dicentes:

302 2365 617 2448 Crucifige
664 2368 864 2432 illum.
917 2369 1020 2435 22.
1070 2366 1188 2432 Ille
1237 2370 1449 2432 autem
1495 2366 1686 2430 tertio
1734 2365 1900 2429 dixit
1947 2367 2027 2430 ad
2075 2366 2253 2431 illos:
2320 2367 2487 2444 Quid
2535 2370 2700 2435 enim
2749 2371 2902 2436 mali

300 2472 457 2538 fecit
492 2473 662 2538 iste?
708 2473 945 2538 nullam
993 2473 1159 2537 enim
1195 2490 1451 2539 causam
1486 2471 1708 2535 mortis
1758 2471 2012 2535 inuenio
2063 2471 2127 2536 in
2174 2464 2683 2554 eo;'corripiam
2750 2495 2901 2557 ergo

300 2578 478 2642 illum
528 2584 595 2644 et
642 2578 975 2644 dimittam.
1045 2580 1149 2643 23.
1198 2577 1296 2641 Ad
1347 2574 1815 2641 illiinstabant
1878 2576 2144 2641 uocibus
2189 2578 2436 2660 magnis
2481 2580 2898 2659 postulanteS,

300 2686 374 2746 ut
418 2682 922 2764 crucifigeretur,
973 2689 1038 2747 et
1081 2681 1561 2747 inualescebant
1605 2700 1797 2746 uoces
1844 2699 2081 2743 eorum.
2147 2681 2250 2747 24.
2298 2682 2386 2747 Et
2429 2682 2673 2748 Pilatus
2720 2685 2900 2748 adiu-

306 2788 548 2853 dicauit
593 2787 730 2852 fieri
803 2789 1176 2870 petitionem
1227 2787 1527 2866 ipsorum.
1598 2785 1699 2850 25.
1773 2785 2033 2849 Dimisit
2102 2790 2313 2850 autem
2382 2786 2511 2850 illis
2557 2805 2719 2866 eum,
2791 2790 2897 2870 qui

302 2898 563 2974 propter
609 2894 1021 2958 homicidium
1073 2898 1139 2956 et
1184 2892 1560 2955 seditionem
1605 2890 1839 2954 missus
1887 2889 2099 2953 fuerat
2142 2890 2205 2953 in
2256 2908 2603 2970 carcerem3
2677 2892 2896 2958 Jesum

297 3017 451 3062 uero
496 3000 763 3064 tradidit
810 2998 1126 3063 uoluntati
1189 3015 1426 3061 eorum.
1500 2998 1602 3061 26.
1674 2994 1761 3058 Et
1806 3013 1947 3057 cum
1996 2993 2300 3058 ducerent
2346 3014 2510 3075 eum,
2580 2994 2896 3062 Simonem

299 3103 630 3182 quemdam
695 3103 1123 3186 Cyrenensem
1185 3102 1547 3166 uenientem
1612 3099 1689 3163 de
1740 3100 1894 3163 uilla
1955 3098 2521 3179 adprehenderunt
2591 3105 2656 3164 et
2698 3102 2895 3183 impo-

305 3214 566 3270 suerunt
608 3209 700 3273 illi
751 3229 998 3273 crucem
1049 3211 1303 3290 portare
1352 3212 1498 3286 post
1542 3204 1787 3269 Jesum.
1864 3207 1968 3269 27.
2019 3204 2418 3283 Sequebatur
2463 3207 2671 3268 autem
2717 3206 2894 3270 illum

302 3310 641 3377 multitudo
690 3313 906 3396 populi
958 3319 1023 3378 et
1069 3312 1430 3387 mulierum,
1494 3327 1656 3391 quae
1702 3306 2092 3390 plangebant
2160 3316 2226 3372 et
2273 3308 2727 3374 lamentabant.
2791 3313 2892 3376 28.

300 3412 668 3483 Conuersus
712 3424 922 3483 autem
970 3420 1046 3482 ad
1099 3417 1245 3481 illas
1292 3415 1485 3481 Jesus
1534 3414 1728 3478 dixit:
1780 3412 1985 3479 Filiae
2029 3412 2323 3496 Istrahel,
2384 3419 2627 3493 tacete;
2698 3416 2896 3481 nolite

294 3516 449 3584 flere
496 3539 615 3601 me,
679 3525 792 3587 sed
842 3543 955 3588 uos
1025 3524 1201 3603 ipsas
1245 3520 1396 3584 flete
1444 3525 1508 3584 et
1555 3518 1720 3583 filios
1784 3524 2052 3598 uestros,
2125 3519 2226 3582 29.
2275 3520 2567 3597 quoniam
2632 3523 2896 3586 uenient

295 3623 452 3707 dieS‚
502 3627 566 3690 in
614 3629 843 3708 quibus
892 3628 1139 3693 dicent:
1208 3627 1447 3689 Beatae
1510 3622 1762 3688 steriles
1825 3627 1890 3686 et
1935 3627 2215 3700 uentreS‚
2280 3640 2442 3702 quae
2481 3641 2611 3703 *non
2658 3642 2892 3704 genue-

298 3736 469 3807 runt,
519 3736 582 3795 et
632 3733 848 3815 ubera,
896 3751 1059 3814 quae
1108 3750 1232 3794 non
1277 3729 1675 3808 nutrierunt3
1725 3730 1826 3792 30.
1879 3729 2031 3791 tunc
2065 3727 2371 3806 incipient
2404 3725 2616 3790 dicere
2663 3731 2892 3794 monti-¹

293 3832 447 3898 bus:
498 3833 727 3902 Cadite
775 3857 967 3919 super
1016 3856 1156 3913 neS,
1205 3839 1272 3899 et
1319 3831 1623 3898 collibus:
1695 3833 1942 3912 operite
1991 3846 2139 3907 nos;
2203 3830 2303 3893 31.
2352 3830 2503 3910 quia
2548 3831 2604 3894 si
2651 3832 2716 3895 in
2762 3834 2889 3907 udo

291 3934 461 4018 ligno
511 3941 668 4008 haec
714 3943 891 4021 fiunt,
958 3944 1021 4006 in
1067 3940 1248 4005 arido
1297 3937 1448 4019 quid
1497 3934 1656 4000 fiet?
1719 3938 1821 4002 32.
1888 3934 2301 3999 Ducebantur
2347 3937 2560 3997 autem
2608 3934 2717 4000 alii
2765 3938 2889 4015 duo

290 4041 575 4113 latrones
625 4067 765 4113 cum
825 4048 956 4128 ille,
1018 4053 1089 4112 ut
1137 4044 1676 4126 crucifigerentur.
1738 4042 1840 4106 33.
1904 4039 1990 4104 Et
2058 4043 2392 4119 postquam
2461 4047 2778 4115 uenerunt
2823 4045 2887 4109 in

290 4148 515 4231 locum,
564 4155 676 4233 qui
721 4158 989 4218 uocatur
1036 4150 1397 4227 Caluariae,
1444 4148 1531 4212 ibi
1580 4142 2030 4210 crucifixerunt
2058 4162 2223 4226 eum,
2272 4147 2338 4207 et
2380 4142 2662 4210 latrones
2710 4147 2888 4228 duOS,

289 4274 483 4320 unum
531 4259 612 4322 ad
662 4259 947 4324 dextram
994 4262 1062 4322 et
1107 4257 1300 4322 alium
1350 4254 1428 4320 ad
1464 4253 1807 4318 sinistram.
1856 4249 2240 4314 Diuidentes
2274 4249 2465 4314 etiam
2506 4255 2891 4320 uestimenta

290 4360 431 4426 eius
477 4363 788 4428 miserunt
833 4369 1085 4428 sortem.
1135 4363 1237 4427 35.
1288 4360 1376 4424 Et
1408 4357 1623 4423 stabat
1657 4356 1932 4437 populus
1967 4359 2349 4436 expectans;
2400 4358 2464 4418 et
2510 4356 2914 4425 deridebant-

289 4463 470 4530 illum
517 4469 843 4549 principes
907 4469 1223 4533 dicentes:
1289 4466 1449 4528 alios
1512 4461 1725 4526 saluos
1787 4459 1959 4538 fecit,
2005 4477 2189 4542 ‘nunc
2236 4475 2307 4521 se
2355 4457 2601 4523 saluum
2669 4462 2886 4541 saciat,

289 4569 343 4633 si
391 4570 495 4636 hic
542 4579 641 4637 est
688 4572 981 4639 Christus
1029 4572 1129 4636 dei
1179 4572 1439 4636 electus.
1488 4569 1592 4632 36.
1648 4563 2057 4653 Deludebapt
2101 4567 2316 4626 autem
2361 4581 2506 4627 eum
2537 4570 2604 4628 et
2649 4567 2885 4642 milites

288 4677 666 4741 accedentes
714 4685 778 4743 et
823 4684 1071 4743 acetum
1107 4676 1453 4743 offerebant
1483 4671 1577 4735 illi
1612 4667 1929 4735 dicentes:
1979 4670 2082 4735 37.
2132 4668 2204 4733 Si
2251 4671 2317 4730 tu
2367 4685 2435 4732 es
2464 4687 2577 4732 rex
2603 4670 2911 4747 Judaeo-.

289 4801 427 4846 rum
467 4833 480 4846 .
521 4831 533 4844 .
575 4832 590 4847 .
629 4802 712 4846 ua
757 4790 840 4848 te.
890 4785 993 4849 38.
1042 4783 1126 4847 Et
1172 4785 1310 4846 erat
1356 4773 1820 4861 superscriptio
1854 4775 2161 4855 inscripta
2215 4790 2404 4853 super
2435 4773 2616 4840 illum
2644 4776 2914 4853 litteris.

2538 4913 2605 4968 8*
