3484 5617
287 497 344 551 C.
382 501 469 550 21.
1038 496 1400 565 Euangelium
1439 496 1738 549 secundum
1778 497 2135 551 Matthaeum.
2805 499 2888 565 29

289 709 622 774 latronum.
701 712 795 776 14.
845 710 932 775 Et
977 714 1390 776 accesserunt
1451 709 1531 774 ad
1600 729 1747 775 eum
1810 708 1979 773 caeci
2043 712 2110 773 et
2171 707 2335 772 clodi
2397 708 2460 771 in
2522 707 2779 789 templo,
2829 711 2893 771 et

289 814 544 879 sanauit
569 833 697 880 eos
754 817 850 881 15.
900 814 1213 880 Uidentes
1260 818 1474 878 autem
1522 812 1843 897 principes
1878 813 2280 878 sacerdotum
2333 817 2397 878 et
2429 812 2675 878 scribae
2707 810 2897 875 mira-

287 919 463 999 bilia,
526 938 689 1001 quae
738 920 891 985 fecit
937 918 1148 997 JesuS‚
1218 925 1282 984 et
1330 939 1560 1001 pueros
1622 921 1970 984 clamantes
2033 918 2098 982 in
2144 918 2379 1000 templo
2451 923 2516 982 et
2564 917 2886 982 dicentes:

289 1021 582 1089 Ossanna
628 1023 759 1088 filio
806 1023 1039 1102 Dauid,
1116 1027 1212 1089 16.
1260 1025 1576 1106 indignati
1637 1029 1788 1090 sunt
1850 1028 1913 1090 et
1961 1023 2259 1089 dixerunt
2320 1023 2420 1086 ei:
2490 1022 2695 1087 Audis
2742 1022 2894 1103 quid

291 1129 396 1193 isti
446 1129 713 1194 dicunt?
791 1129 980 1193 Jesus
1026 1134 1240 1194 autem
1287 1130 1447 1194 dixit
1495 1128 1652 1195 illis:
1708 1126 1950 1209 Utique
1997 1147 2121 1193 non
2170 1126 2448 1209 legistis:
2499 1127 2596 1191 Ex
2643 1144 2752 1190 ore
2800 1127 2895 1190 in-

291 1232 557 1298 fantium
624 1238 690 1297 et
742 1234 1112 1299 lactantium
1160 1233 1486 1316 perfecisti
1553 1234 1848 1300 laudem?
1920 1234 2019 1299 17.
2083 1231 2168 1295 Et
2229 1231 2474 1297 relictis
2537 1231 2686 1314 illis,
2739 1230 2898 1295 abiit

300 1338 468 1403 foras
517 1343 698 1402 extra
747 1340 1072 1403 ciuitatem
1121 1339 1183 1403 in
1231 1338 1631 1412 Bethaniam,
1696 1338 1914 1418 ibique
1977 1338 2230 1401 mansit.
2300 1339 2394 1403 18.
2444 1336 2632 1401 Mane
2686 1341 2896 1400 autem

295 1443 612 1507 transiens
660 1443 724 1507 in
772 1443 1093 1507 ciuitatem
1130 1443 1372 1507 esuriit.
1436 1444 1529 1507 19.
1580 1443 1667 1506 Et
1715 1443 1944 1509 uidens
1991 1439 2095 1506 fici
2140 1441 2432 1506 arborem
2480 1459 2665 1506 unam
2716 1459 2898 1506 secus

292 1548 480 1626 uiam,
541 1547 721 1611 uenit
766 1548 844 1611 ad
896 1566 1054 1627 eam,
1118 1552 1184 1611 et
1229 1547 1385 1611 nihil
1434 1547 1679 1612 inuenit
1741 1549 1805 1611 in
1869 1564 1947 1611 ea
1993 1546 2117 1611 nisi
2180 1546 2333 1610 folia
2379 1552 2648 1625 tantum,
2696 1550 2761 1610 et
2808 1546 2900 1609 ait

291 1650 423 1715 illi:
490 1650 851 1734 Numquam
897 1671 976 1716 ex
1041 1658 1102 1716 te
1149 1651 1398 1717 fructus
1446 1659 1751 1717 nascatur
1810 1652 1877 1716 in
1939 1653 2413 1732 sempiternum.
2486 1651 2570 1717 Et
2618 1649 2899 1715 arefacta

294 1762 392 1823 est
438 1758 733 1822 continuo
780 1755 1071 1824 ficulnea.
1137 1759 1237 1822 20.
1289 1757 1376 1823 Et
1424 1758 1717 1822 uidentes
1768 1756 2061 1839 discipuli
2109 1757 2324 1821 mirati
2374 1760 2525 1819 sunt
2574 1755 2897 1819 dicentes:

296 1863 608 1942 quomodo
671 1863 969 1927 continuo
1018 1862 1236 1927 aruit?
1313 1865 1415 1929 21.
1482 1861 1900 1943 Respondens
1967 1865 2181 1925 autem
2241 1860 2434 1927 Jesus
2497 1860 2619 1925 ait:
2696 1858 2899 1923 Amen

297 1967 435 2031 dico
496 1966 702 2051 uobis,
767 1968 823 2031 si
886 1965 1239 2031 habueritis
1302 1965 1510 2044 fidem,
1574 1971 1640 2031 et
1704 1985 1826 2031 non
1874 1966 2324 2049 aesitaberitis,
2396 1984 2519 2028 non
2566 1963 2773 2029 solum
2820 1964 2899 2027 de

296 2068 568 2136 ficulnea
613 2070 881 2152 facietis,
932 2072 1042 2136 sed
1076 2075 1140 2134 et
1173 2072 1228 2138 si
1261 2072 1462 2138 monti
1510 2072 1656 2138 huic
1704 2070 2031 2137 dixeritis:
2079 2071 2353 2148 Tollere,
2402 2074 2466 2134 et
2530 2070 2784 2133 mittere
2831 2069 2896 2133 in

295 2194 488 2253 mare,
536 2173 664 2240 fiet.
720 2178 823 2241 22.
870 2176 956 2240 Et
1003 2176 1212 2242 omnia
1246 2196 1680 2259 quaecumque
1727 2175 2047 2260 petieritis
2093 2176 2158 2240 in
2206 2175 2493 2240 oratione
2542 2174 2894 2250 credenteS,

294 2280 645 2361 accipietis.
720 2283 821 2348 23.
890 2282 1164 2346 Etcum
1237 2281 1520 2347 uenisset
1588 2280 1650 2345 in
1716 2282 2045 2361 templum,
2117 2285 2526 2346 accesserunt
2596 2280 2678 2343 ad
2754 2295 2894 2341 eum

295 2387 617 2467 principes
680 2388 1082 2451 sacerdotum
1153 2392 1217 2452 et
1263 2388 1548 2452 seniores
1595 2387 1834 2469 populi,
1900 2386 2219 2451 dicentes:
2290 2384 2361 2448 In
2412 2402 2538 2465 qna
2583 2385 2900 2466 potestate

295 2491 455 2555 haec
502 2490 710 2556 sacis?
756 2495 822 2555 et
868 2492 1010 2573 quis
1059 2491 1173 2557 tibi
1223 2492 1400 2556 dedit
1433 2491 1595 2556 hanc
1627 2492 2060 2571 potestatem?
2106 2490 2209 2554 24.
2259 2489 2675 2572 Respondeas
2706 2487 2900 2553 Jesus

296 2596 457 2659 dixit
501 2595 667 2661 illis:
716 2596 1054 2678 Interrogo
1105 2616 1219 2663 uos
1267 2601 1330 2659 et
1362 2617 1480 2677 ego
1514 2616 1707 2660 unum
1745 2597 2030 2676 uerbum,
2081 2597 2248 2676 quod
2284 2593 2476 2659 dicite
2510 2593 2684 2674 mihi,
2734 2591 2902 2672 quod

295 2701 351 2763 si
399 2700 694 2765 dixeritis
740 2701 917 2780 mihi,
987 2707 1051 2766 et
1112 2720 1229 2782 ego
1291 2700 1473 2766 uobis
1541 2702 1763 2779 dicam,
1835 2700 1897 2763 in
1958 2719 2080 2782 qua
2139 2703 2454 2782 potestate
2499 2697 2657 2763 haec
2701 2697 2898 2761 facio:

297 2803 398 2867 25.
446 2804 851 2886 Baptismum
896 2803 1210 2872 Johannis
1257 2807 1426 2869 unde
1474 2806 1662 2871 erat?
1710 2807 1789 2869 de
1837 2806 2034 2883 caeIO,
2083 2825 2160 2870 an
2209 2824 2287 2868 ex
2336 2803 2741 2869 hominibus?
2803 2802 2901 2865 Ad

295 2906 387 2972 illi
438 2909 804 2989 cogitabant
866 2910 1036 2975 intra
1096 2929 1164 2975 se
1228 2911 1546 2975 dicentes:
1618 2913 1723 2976 26.
1772 2907 1837 2974 Si
1887 2909 2269 2974 dixerimus:
2345 2909 2423 2974 de
2470 2908 2665 2991 caelo,
2731 2906 2901 2972 dicet

296 3013 515 3088 nobis;
581 3032 782 3095 quare
828 3035 954 3080 non
1004 3014 1263 3080 creditis
1311 3015 1459 3079 illi‘?
1522 3015 1589 3080 Si
1657 3020 1871 3079 autem
1935 3014 2314 3080 dixerimus:
2376 3034 2453 3079 ex
2521 3013 2899 3089 hominibuS‚

297 3119 594 3183 timemus
641 3120 923 3200 turbam3
974 3140 1191 3186 omnes
1239 3121 1407 3186 enim
1455 3120 1694 3186 habent
1758 3120 2092 3186 Johannen
2127 3121 2291 3187 sicut
2338 3120 2734 3202 prophetam.
2798 3120 2900 3184 27.

296 3224 383 3288 Et
425 3224 898 3305 responderunt
937 3228 1017 3289 ad
1065 3223 1309 3303 Jesum,
1373 3232 1437 3290 et
1484 3226 1823 3291 dixerunt:
1874 3225 2228 3292 Nescimus.
2277 3225 2388 3291 Ait
2443 3222 2569 3287 illis
2618 3228 2680 3287 et
2725 3224 2898 3303 ipse:

295 3328 429 3392 Nec
477 3347 596 3411 ego
644 3330 825 3395 uobis
873 3329 1034 3414 dico,
1062 3331 1126 3394 in
1161 3350 1287 3411 qua
1334 3336 1651 3414 potestate
1684 3331 1843 3396 haec
1872 3330 2060 3397 facio,
2110 3333 2211 3397 28.
2262 3329 2429 3407 Quid
2478 3334 2687 3392 autem
2721 3327 2902 3392 uobis

296 3433 601 3498 uidetur?
669 3433 874 3498 Homo
922 3435 1181 3517 quidam
1228 3435 1503 3500 habebat
1551 3438 1709 3501 duos
1759 3434 1959 3515 filios;
2031 3440 2097 3501 et
2143 3437 2454 3502 accedens
2502 3434 2581 3498 ad
2628 3434 2902 3514 primum

298 3537 490 3603 dixit:
540 3538 683 3618 Fili,
736 3539 895 3603 uade
943 3524 1135 3605 hodie
1184 3559 1449 3622 operare
1497 3539 1561 3604 in
1608 3542 1883 3607 uineam.
1933 3542 2033 3606 29.
2085 3541 2202 3604 Ille
2250 3545 2461 3603 autem
2508 3539 2901 3619 respondens

298 3645 407 3707 ait.
478 3640 662 3709 Nolo.
734 3643 971 3708 Postea
1036 3646 1430 3727 paenitentia
1494 3649 1703 3710 motus
1767 3645 1926 3710 abiit
1987 3646 2050 3709 in
2116 3646 2385 3708 niueam.
2457 3644 2560 3708 30.
2613 3641 2902 3706 Accessit

295 3753 509 3812 autem
558 3748 637 3812 ad
689 3747 960 3813 alterum
1009 3755 1074 3813 et
1122 3750 1280 3815 dixit
1327 3750 1643 3816 similiter.
1714 3750 1814 3814 Ad
1861 3749 1969 3814 ille
2017 3749 2408 3830 respondens
2454 3749 2574 3813 ait:
2627 3747 2740 3827 Eo,
2793 3746 2897 3810 do-

291 3854 477 3933 mine,
525 3861 592 3916 et
636 3871 759 3917 non
806 3854 899 3918 iit.
934 3854 1035 3919 31.
1086 3853 1245 3931 Quis
1290 3875 1369 3920 ex
1415 3855 1660 3920 duobus
1706 3855 1860 3920 fecit
1906 3856 2108 3935 patris
2160 3854 2600 3918 uoluntatem?
2647 3853 2889 3917 Dicunt

297 3957 388 4021 ei:
442 3955 864 4022 Nobissimus.
920 3957 1093 4023 Dicit
1138 3960 1265 4025 illis
1312 3958 1538 4025 Jesus:
1597 3961 1800 4025 Amen
1849 3961 1988 4025 dico
2040 3958 2239 4042 uobis,
2289 3959 2458 4040 quod
2525 3958 2899 4022 meretrices

300 4067 367 4125 et
414 4061 737 4142 publicani
786 4063 1175 4143 praecedent
1224 4083 1338 4130 uos
1386 4065 1449 4128 111
1496 4084 1690 4147 regno
1739 4066 1862 4130 dei.
1911 4066 2013 4129 32.
2065 4061 2262 4128 Uenit
2307 4063 2476 4127 enim
2521 4063 2601 4126 ad
2636 4079 2748 4126 uos
2790 4060 2897 4125 Jo-

291 4166 535 4231 hannes
561 4167 625 4231 111
656 4166 764 4230 uia
794 4166 1100 4252 iustitiae,
1149 4173 1215 4233 et
1247 4189 1370 4233 non
1420 4170 1785 4235 credidistis
1820 4171 1913 4249 ei;
1960 4169 2284 4251 publicani
2335 4173 2544 4232 autem
2601 4173 2665 4232 et
2694 4186 2898 4231 mere-

293 4270 489 4335 trices
535 4271 950 4336 crediderunt
997 4273 1088 4351 ei;
1147 4293 1263 4340 uos
1311 4282 1520 4340 autem
1571 4274 1870 4340 uidentes
1916 4291 2035 4339 nec
2083 4273 2535 4355 paenitentiam
2581 4271 2901 4336 habuistis

297 4382 536 4455 postea,
606 4378 772 4456 quod
822 4396 948 4441 non
995 4378 1368 4444 credidistis
1417 4381 1494 4445 ei.
1560 4382 1663 4445 33.
1713 4379 1924 4444 Aliam
1975 4379 2342 4460 parabolam
2390 4380 2639 4444 audite:
2697 4378 2900 4443 Homo

294 4485 433 4544 erat
478 4478 961 4560 paterfamiliaS‚
1011 4483 1121 4564 qui
1173 4483 1495 4561 plantauit
1543 4486 1817 4568 uineam,
1881 4490 1946 4549 et
1992 4502 2183 4566 saepe
2233 4484 2653 4550 circumdedit
2696 4483 2778 4564 ei,
2841 4486 2905 4547 et

292 4582 456 4649 fodit
517 4586 582 4649 in
656 4605 796 4649 eam
844 4590 1150 4668 torcular,
1218 4595 1281 4653 et
1328 4587 1693 4653 aedificauit
1758 4593 1999 4655 turrem
2047 4596 2112 4654 et
2161 4589 2399 4654 locauit
2460 4608 2593 4652 eam
2643 4588 2902 4667 coloniS,

296 4692 360 4753 et
407 4707 675 4771 peregre
720 4689 1044 4771 profectus
1093 4698 1210 4757 est.
1262 4694 1362 4758 34.
1415 4691 1570 4756 Cum
1620 4696 1868 4774 tempus
1917 4697 2128 4758 autem
2184 4693 2507 4757 fructuum
2563 4693 2904 4772 adpropin-

278 4799 578 4873 -quasset,
628 4795 804 4858 misit
849 4809 1071 4861 seruos
1119 4813 1268 4860 suos
1315 4796 1394 4860 ad
1444 4795 1722 4878 colonoS,
1776 4799 1845 4858 ut
1889 4796 2258 4878 acciperent
2283 4795 2361 4859 de
2403 4794 2712 4859 fructibus
2743 4795 2902 4861 suis.
