3484 5617
577 475 663 540 50
1320 468 1680 537 Euangelium
1725 467 2026 521 secundum
2066 466 2391 521 Johannem.
3033 468 3093 523 C.
3139 474 3199 520 5.

580 683 743 747 dixit
772 681 899 747 illi:
948 680 1116 746 Eece
1161 699 1355 745 sanus
1387 679 1594 744 factus
1641 697 1729 757 eS,
1779 678 1910 743 iam
1943 678 2070 743 noli
2104 696 2391 760 peecare,
2441 697 2518 743 ne
2567 680 2722 761 quid
2753 677 2871 744 tibi
2906 677 3209 744 deterius

587 786 716 852 fiat.
786 785 885 851 15.
948 786 1035 851 Et
1080 784 1238 850 abiit
1281 784 1468 849 homo
1516 784 1627 849 ille
1673 787 1741 848 et
1786 783 2096 849 indicauit
2141 782 2431 863 Judaeis,
2481 785 2628 865 quia
2674 783 2869 850 Jesus
2913 788 3031 864 est,
3081 783 3212 867 qui

584 891 739 958 feeit
770 909 911 956 eum
937 908 1178 955 sanum.
1215 891 1308 954 16.
1337 889 1420 953 Et
1466 894 1730 971 propter
1766 890 1881 954 hoo
1917 889 2470 971 persequabantur
2493 888 2531 952 J
2538 888 2726 953 udaei
2750 888 2991 967 Jesum,
3041 889 3216 970 quia

588 998 749 1061 haec
793 994 1069 1060 faciebat.
1113 993 1394 1059 sabbato.
1486 994 1676 1059 Jesus
1725 998 1941 1058 autem
1987 993 2322 1076 respondit
2366 993 2460 1058 eis
2507 993 2761 1060 dicens:
2857 994 2954 1059 17.
3002 994 3219 1057 Pater

588 1118 768 1165 meus
828 1117 1032 1181 usque
1093 1099 1301 1163 adhue
1350 1103 1668 1181 operatur,
1742 1104 1807 1164 et
1854 1117 1970 1179 ego
2017 1117 2267 1181 operor.
2367 1101 2463 1165 18.
2513 1099 2781 1181 Propter
2825 1099 2946 1163 hoo
2992 1098 3215 1179 magis

607 1205 999 1286 quaerebant
1047 1222 1187 1268 eum
1237 1201 1468 1267 ‚Iudaei
1516 1201 1895 1280 interficere,
1946 1204 2113 1284 quod
2144 1221 2267 1268 non
2300 1202 2501 1267 solum
2529 1202 2822 1267 soluebat
2844 1203 3213 1280 sabbatum,

598 1311 713 1375 sed
760 1316 823 1375 et
870 1310 1038 1391 quod
1084 1313 1328 1390 patrem
1377 1326 1560 1372 suum
1607 1307 1847 1373 diceret
1871 1309 2079 1391 deum,
2130 1307 2458 1390 aequalem
2503 1326 2574 1373 se
2619 1307 2858 1374 faciens
2894 1306 3031 1373 deo.
3076 1307 3214 1371 Re-

595 1414 857 1496 spondit
901 1413 1097 1479 Jesus
1146 1417 1212 1476 et
1258 1409 1419 1476 dixit
1464 1411 1590 1476 eis:
1676 1413 1771 1475 19.
1823 1412 2038 1490 Amen,
2110 1430 2293 1476 amen
2340 1412 2481 1494 dico
2530 1410 2746 1477 uobis:
2814 1431 2939 1476 non
2985 1415 3219 1493 potest

595 1517 766 1583 filius
812 1519 890 1582 ab
938 1536 1007 1582 se
1041 1516 1256 1581 faeere
1289 1515 1647 1597 quicquam,
1698 1516 1821 1580 nisi
1857 1517 2020 1598 quod
2051 1517 2285 1582 uiderit
2317 1521 2561 1599 patrem
2587 1516 2968 1582 facientem:
3012 1535 3218 1597 quae-

600 1642 766 1704 quae
831 1622 995 1686 enim
1058 1621 1152 1685 illi
1215 1619 1389 1700 facit,
1445 1621 1668 1685 eadem
1715 1626 1781 1686 et
1828 1619 1995 1686 filius
2041 1622 2197 1687 facit
2243 1623 2553 1687 similiter.
2608 1623 2745 1687 -20,
2799 1622 2989 1685 Pater
3034 1621 3219 1685 enim

603 1727 814 1808 diligit
858 1725 1059 1791 filium
1104 1730 1168 1792 et
1194 1727 1402 1789 omnia
1450 1724 1845 1791 demonstrat
1890 1727 1968 1803 ei,
2019 1746 2181 1808 quae
2227 1729 2364 1809 ipse
2413 1727 2584 1807 facit,
2636 1732 2701 1792 et
2740 1726 2980 1791 maiora
3010 1744 3224 1808 opera

606 1832 1071 1897 demonstrauit
1133 1832 1213 1913 ei,
1263 1835 1335 1895 ut
1378 1849 1496 1897 uos
1541 1831 1964 1897 admiremini.
2059 1835 2159 1897 21.
2233 1832 2408 1898 Sicut
2478 1834 2645 1896 enim
2710 1836 2893 1912 pater
2940 1830 3228 1897 suscitat

603 1942 885 2002 mortuos
946 1940 1013 2000 et
1060 1933 1361 2015 uiuificat,
1412 1936 1504 2003 sic
1550 1942 1615 1999 et
1658 1934 1850 2019 filius,
1901 1955 2058 2017 quos
2102 1937 2262 2015 uult,
2310 1936 2613 2002 uiuificat.
2707 1938 2810 2003 22.
2857 1934 2992 1999 Nee
3040 1936 3222 2000 enim

606 2046 793 2123 pater
836 2041 1078 2106 iudicat
1124 2059 1522 2122 quemquam,
1571 2040 1683 2105 sed
1724 2040 2030 2105 iudicium
2063 2060 2309 2105 omnem
2344 2043 2517 2106 dedit
2548 2039 2699 2125 filio,
2748 2044 2849 2105 23.
2897 2045 2970 2104 ut
2992 2059 3226 2105 omnes

608 2143 1027 2212 honorificent
1071 2143 1291 2224 filium,
1361 2147 1527 2210 siout
1572 2143 2003 2211 honorificant
2046 2150 2328 2225 patrem3
2395 2146 2501 2226 qui
2549 2163 2674 2210 non
2722 2142 3098 2210 honorificat
3144 2143 3225 2208 fi-

611 2252 787 2329 lium,
836 2269 961 2314 non
1007 2248 1387 2315 honorificat
1431 2253 1701 2332 patrem,
1751 2252 1857 2331 qui
1905 2251 2080 2315 misit
2125 2250 2324 2315 illum.
2418 2251 2517 2315 24.
2569 2252 2788 2334 Amen,
2843 2268 3025 2314 amen
3075 2250 3225 2315 dico

615 2355 820 2438 uobis,
893 2355 1187 2437 quoniam
1237 2355 1345 2435 qui
1390 2356 1652 2420 uerbum
1700 2373 1905 2419 meum
1953 2356 2154 2435 audit,
2225 2360 2290 2421 et
2339 2355 2541 2421 credit
2585 2355 2663 2430 ei,
2722 2357 2828 2436 qui
2874 2373 2976 2419 me
3022 2355 3217 2436 misit,

620 2460 812 2525 habet
858 2459 1057 2524 uitam
1107 2463 1451 2536 aeternam,
1500 2464 1564 2523 et
1610 2461 1673 2523 in
1716 2459 2019 2524 iudicium
2058 2479 2178 2526 non
2211 2462 2444 2539 ueniet,
2493 2460 2607 2525 sed
2640 2460 2876 2526 transit
2908 2459 2989 2524 de
3017 2461 3205 2522 morte

618 2565 696 2629 ad
744 2565 961 2628 uitam.
1055 2564 1155 2629 25.
1204 2564 1423 2643 Amen,
1481 2583 1663 2629 amen
1710 2565 1852 2630 dico
1900 2565 2104 2642 uobis,
2152 2567 2448 2648 quoniam
2496 2565 2714 2631 ueniet
2758 2564 2934 2645 hora,
2983 2565 3048 2629 in
3094 2581 3214 2644 qua

621 2669 882 2735 audient
910 2670 1140 2735 mortui
1174 2686 1390 2734 uocem
1425 2669 1515 2734 fili
1547 2670 1673 2746 dei,
1720 2673 1785 2734 et
1832 2671 1941 2751 qui
1988 2670 2327 2748 audierint,
2378 2671 2619 2735 uiuent.
2671 2673 2771 2737 26.
2821 2670 3001 2736 Siout
3044 2665 3222 2732 enim

620 2779 802 2858 pater
850 2774 1043 2839 babet
1088 2772 1289 2838 uitam
1336 2775 1400 2838 in
1449 2793 1536 2850 se,
1587 2775 1678 2839 sio
1725 2780 1789 2840 et
1821 2773 1950 2839 filio
1999 2774 2177 2840 dedit
2220 2774 2456 2840 habere
2503 2777 2701 2841 uitam
2746 2775 2809 2840 in
2859 2772 3232 2854 semetipse,

628 2882 731 2945 27.
780 2883 849 2943 et
893 2881 1276 2961 potestatem
1323 2878 1498 2945 dedit
1543 2879 1603 2942 ei
1649 2878 1956 2962 iudicium
2005 2880 2382 2959 faciendum,
2431 2880 2723 2963 quoniam
2756 2878 2925 2944 filius
2946 2877 3238 2944 hominis

624 2990 743 3050 est.
813 2985 914 3050 28.
964 2982 1179 3047 Nolite
1226 2983 1440 3047 mirari
1491 2983 1665 3066 haec,
1715 2984 2012 3065 quoniam
2061 2987 2274 3050 ueniet
2318 2985 2495 3069 hora,
2544 2985 2606 3049 in
2656 3004 2781 3067 qua
2827 3001 3067 3063 omneS,
3118 2982 3241 3063 qui

626 3094 691 3156 in
741 3088 1162 3153 monumentis
1210 3092 1379 3166 sunt,
1429 3089 1690 3152 audient
1737 3107 1955 3152 uocem
2003 3088 2162 3170 eiuS‚
2240 3092 2342 3155 29.
2392 3094 2458 3155 et
2503 3094 2856 3172 resurgent,
2904 3089 3012 3170 qui
3062 3087 3244 3152 bona

624 3194 919 3260 fecerunt
962 3194 1029 3256 in
1074 3194 1604 3258 resurrectionem
1653 3193 1843 3273 uitae,
1893 3194 1997 3275 qui
2024 3199 2235 3259 autem
2280 3194 2501 3276 iniqua
2540 3196 2895 3277 gesserunt,
2929 3193 2993 3258 in
3017 3210 3243 3257 resur-

630 3299 983 3364 rectionem
1027 3297 1266 3362 iudicii.
1338 3300 1441 3363 30.
1492 3297 1632 3362 Non
1680 3299 1846 3362 enim
1894 3317 2152 3381 possum
2200 3318 2316 3381 ego
2384 3319 2422 3364 a
2467 3318 2566 3364 me
2612 3302 2751 3384 ipso
2797 3299 3007 3364 facere
3055 3296 3246 3380 quie-

635 3421 843 3487 quam.
896 3401 1074 3467 Sieut
1120 3403 1286 3466 enim
1334 3402 1546 3480 audio,
1594 3402 1683 3467 ita
1731 3406 1796 3466 et
1841 3402 2100 3482 iudicio,
2150 3409 2215 3469 et
2259 3405 2563 3470 iudicium
2610 3423 2818 3470 meum
2850 3405 3086 3468 iustum
3112 3408 3242 3483 est,

635 3510 785 3590 quia
833 3525 956 3570 non
1005 3524 1243 3585 quaero
1271 3505 1667 3571 uoluntatem
1713 3523 1937 3584 meam,
1984 3508 2096 3572 sed
2145 3509 2538 3574 uoluntatem
2586 3511 2725 3575 eius
2770 3510 2880 3591 qui
2928 3527 3027 3573 me
3059 3507 3247 3573 misit

635 3614 856 3697 patris.
950 3613 1053 3676 31.
1124 3609 1189 3674 Si
1238 3630 1355 3693 ego
1401 3612 1834 3677 testimonium
1879 3614 2184 3694 perhibeo
2232 3615 2310 3679 de
2355 3633 2476 3699 me,
2543 3615 2976 3681 testimonium
3024 3632 3246 3678 meum

634 3738 758 3784 non
821 3721 918 3782 est
983 3734 1222 3780 uerum.
1314 3719 1415 3782 32.
1482 3717 1663 3782 Alius
1712 3721 1829 3797 est,
1879 3719 1986 3799 qui
2035 3717 2416 3784 testificatur
2462 3720 2540 3784 de
2586 3739 2704 3801 me,
2774 3723 2840 3785 et
2884 3721 3036 3798 scio,
3085 3719 3249 3800 quia

636 3842 857 3890 uerum
907 3825 1006 3885 est
1048 3820 1487 3887 testimonium
1533 3823 1692 3901 eiuS,
1742 3823 1912 3904 quod
1957 3822 2338 3888 testificatur
2384 3825 2462 3890 de
2507 3844 2625 3890 me.
2674 3827 2777 3891 33.
2812 3822 2945 3890 Uos
2971 3824 3247 3889 misistis

639 3929 719 3996 ad
769 3925 1125 3992 Johannem
1182 3930 1249 3990 et
1294 3929 1724 3993 testimonium
1775 3928 2096 4010 perhibuit
2143 3930 2424 3995 ueritati.
2515 3931 2617 3996 34.
2668 3930 2805 4013 Ego
2854 3932 3067 3995 autem
3113 3948 3247 3994 non

641 4034 720 4101 ab
764 4017 1017 4098 homine
1062 4032 1493 4097 testimonium
1541 4033 1810 4115 accipiO,
1858 4033 1971 4097 sed
2019 4032 2176 4099 haec
2222 4033 2366 4099 ideo
2417 4034 2575 4115 dim,
2623 4041 2696 4099 ut
2739 4053 2852 4100 uos
2879 4033 3043 4099 salui
3078 4032 3249 4101 sitis.

643 4140 744 4208 35.
791 4138 909 4203 Ille
956 4139 1094 4201 erat
1137 4137 1395 4202 lucerna
1442 4138 1675 4203 ardens
1722 4140 1787 4201 et
1835 4137 2073 4202 lucens
2123 4136 2257 4203 Uos
2305 4157 2455 4205 uero
2502 4140 2799 4206 uoluistis
2848 4139 3137 4204 exultare
3168 4140 3254 4204 ad

643 4246 863 4309 horam
912 4241 972 4304 in
1020 4240 1258 4305 lumine
1305 4243 1459 4307 eius,
1555 4243 1657 4308 36.
1714 4241 1852 4323 Ego
1900 4248 2110 4306 autem
2157 4241 2358 4309 habeo
2405 4245 2837 4309 testimonium
2882 4246 3087 4310 maius
3136 4245 3253 4310 Jo-

647 4351 921 4414 hannen.
1014 4343 1227 4426 Opera
1289 4347 1481 4431 enim,
1546 4365 1707 4430 quae
1755 4347 1931 4412 dedit
1977 4347 2129 4413 mihi
2193 4352 2392 4429 pater,
2457 4355 2527 4414 ut
2573 4348 2892 4431 perficiam
2940 4366 3034 4430 ea,
3107 4349 3258 4431 ipsa

649 4472 849 4537 opera
911 4449 1072 4531 eiuS,
1144 4469 1303 4531 quae
1364 4449 1549 4531 faci0‚
1617 4451 2052 4517 testimonium
2096 4451 2434 4536 perhibent
2482 4455 2560 4519 de
2604 4474 2723 4535 me,
2792 4456 2897 4521 37.
2944 4455 3256 4536 quoniam

648 4563 832 4643 pater
876 4576 977 4622 me
1022 4554 1198 4620 misit
1266 4560 1330 4621 et
1377 4555 1484 4637 qui
1534 4574 1632 4620 me
1680 4556 1850 4621 misit
1897 4562 2096 4638 pater,
2163 4559 2303 4639 ipse
2348 4560 2781 4625 testimonium
2829 4559 3127 4640 perhibet
3176 4559 3261 4626 de

652 4683 794 4744 me3
871 4679 1073 4744 neque
1143 4679 1362 4727 uocem
1424 4662 1561 4726 eius
1629 4679 1922 4743 umquam
1992 4663 2293 4746 audistiS,
2363 4682 2569 4745 neque
2636 4663 2903 4747 figuram
2975 4664 3260 4754 uidistis,

655 4772 757 4835 38.
807 4771 872 4832 et
918 4766 1180 4833 uerbum
1245 4765 1381 4830 eius
1428 4784 1550 4831 non
1598 4763 1848 4830 habetis
1902 4765 1966 4829 in
2013 4765 2195 4831 uobis
2240 4772 2621 4850 manentem,
2696 4767 2995 4850 quoniam
3064 4786 3266 4851 quem
