3484 5617
349 520 409 578 Ο.
446 527 493 575 a.
1100 518 1467 591 Euangelium
1505 517 1808 576 secuudum
1848 517 2211 576 matthaeum.
2910 526 2947 592 7

348 729 834 815 temptationem,
879 730 989 795 sed
1032 730 1230 795 libera
1276 749 1383 795 nos
1432 750 1473 792 a
1516 730 1704 796 malo.
1783 733 1882 798 14.
1933 729 1999 797 Si
2044 729 2214 797 enim
2260 731 2634 799 dimiseritis
2679 731 2949 800 homini-

348 836 468 900 bus
515 840 779 917 peccata
824 854 1063 917 eorum,
1112 836 1392 901 dimittet
1438 834 1624 901 uobis
1669 841 1735 902 et
1785 837 1968 917 pater
2015 841 2227 901 uester
2276 838 2386 917 qui
2433 841 2534 902 est
2594 835 2658 902 in
2727 839 2945 905 caelis.

352 942 451 1007 15.
501 940 568 1006 Si
616 946 827 1006 autem
877 960 1000 1006 non
1067 940 1447 1005 remiseritis
1509 940 1871 1005 hominibus
1938 945 2219 1023 peccata,
2287 957 2406 1007 nec
2474 946 2658 1024 pater
2727 947 2944 1008 uester

347 1046 632 1111 remittet
680 1044 862 1109 uobis
909 1047 1170 1127 peccata
1215 1047 1449 1110 uestra.
1524 1045 1621 1110 16.
1686 1043 1843 1110 Cum
1907 1046 2118 1110 autem
2177 1046 2500 1127 ieiunatis,
2562 1047 2762 1114 nolite
2809 1045 2945 1113 fieri

351 1151 518 1215 sicut
541 1150 916 1231 hypocritae
960 1151 1203 1216 tristes.
1278 1151 1731 1215 Exterminant
1776 1150 1946 1215 enim
1992 1149 2191 1217 facies
2225 1147 2408 1236 suas,
2476 1155 2549 1216 ut
2593 1145 2948 1235 appareant

352 1254 710 1320 hominibus
777 1254 1157 1322 ieiunantes,
1250 1259 1451 1320 Amen
1520 1255 1662 1320 dico
1723 1255 1940 1320 uobis:
2011 1255 2253 1320 habent
2322 1257 2676 1322 mercedem
2746 1275 2943 1323 suam.

357 1362 456 1426 17.
504 1359 638 1425 Uos
670 1365 882 1424 autem
914 1378 1054 1424 cum
1100 1360 1420 1439 ieiunatiS,
1454 1359 1722 1440 unguite
1755 1364 1947 1441 caput
1968 1364 2274 1440 uestrum,
2320 1366 2387 1425 et
2412 1359 2635 1426 faciem
2671 1368 2946 1428 uestram

353 1463 591 1541 lauate‚
645 1466 741 1530 18.
791 1482 872 1527 ne
918 1464 1198 1546 pareatis
1245 1462 1606 1529 hominibus
1670 1465 2052 1547 ieiunantes,
2124 1466 2237 1530 sed
2306 1464 2473 1547 patri
2547 1469 2783 1546 uestro,
2846 1467 2952 1548 qui

353 1574 453 1635 est
496 1570 560 1634 in
607 1568 940 1650 absconse,
987 1574 1053 1633 et
1102 1573 1283 1650 pater
1329 1573 1561 1649 uester,
1611 1568 1721 1650 qui
1768 1569 1948 1634 uidet
1993 1570 2057 1634 in
2103 1568 2432 1651 abscons0,
2498 1571 2726 1636 reddet
2770 1572 2955 1637 uobis

350 1674 417 1738 in
461 1674 693 1755 palam.
792 1674 889 1737 19.
961 1672 1178 1737 Nolite
1240 1672 1426 1738 uobis
1490 1672 1971 1740 thensaurizare
2032 1671 2411 1740 thensauros
2457 1674 2522 1739 in
2566 1679 2761 1753 terra,
2844 1671 2953 1740 ubi

353 1796 548 1860 erugo
597 1781 663 1842 et
709 1778 883 1842 tinea
927 1777 1328 1861 exterminat,
1379 1781 1445 1841 et
1477 1776 1785 1843 ubifures
1816 1775 2125 1843 effodiunt
2167 1787 2235 1843 et
2264 1776 2579 1844 furantur.
2612 1780 2714 1845 20.
2746 1778 2953 1845 Then-

354 1884 671 1948 saurizate
718 1888 932 1947 autem
978 1881 1162 1948 uobis
1208 1882 1590 1948 thensauros
1640 1883 1700 1947 in
1751 1884 1974 1962 caelo,
2021 1884 2131 1948 ubi
2194 1901 2401 1966 neque
2450 1899 2669 1967 erugb,
2749 1893 2955 1966 neque

354 1989 530 2053 tinea
574 1988 972 2065 exterminat,
1035 1991 1103 2052 et
1164 1988 1271 2052 ubi
1319 1987 1497 2052 fures
1542 2006 1710 2068 non
1742 1987 2081 2053 effodiunt*
2125 1992 2190 2052 et
2249 1987 2562 2055 furantur.
2653 1991 2755 2054 21.
2821 1987 2948 2053 Ubi

356 2093 523 2157 enim
569 2091 767 2157 fuerit
809 2093 1202 2157 thensaurus
1246 2098 1420 2175 tuus,
1466 2092 1555 2157 ibi
1601 2092 1726 2158 erit
1773 2098 1837 2157 et
1886 2111 1996 2157 cor
2042 2097 2236 2157 tuum.
2320 2095 2421 2158 22.
2469 2092 2762 2159 Lucerna
2808 2111 2946 2158 cor·

358 2197 529 2278 poris
574 2198 672 2263 tui
716 2204 816 2263 est
847 2196 1069 2262 oculus
1116 2203 1285 2264 tuus.
1335 2199 1438 2265 23.
1487 2198 1555 2264 Si
1598 2198 1769 2263 enim
1815 2198 2037 2264 oculus
2084 2202 2253 2263 tuus·
2281 2197 2555 2279 simplex
2598 2196 2811 2279 fuerit,
2856 2201 2956 2263 to·

355 2309 490 2368 tum
538 2320 770 2385 corpus
818 2308 998 2368 tuum
1043 2303 1322 2369 lucidum
1370 2302 1512 2368 erit.
1561 2300 1628 2368 Si
1695 2307 1910 2367 autem
1958 2303 2181 2368 oculus
2248 2306 2397 2368 tuus
2467 2321 2674 2385 nequa
2739 2301 2958 2382 fuerit,

355 2414 557 2474 totum
607 2427 841 2490 corpus
887 2414 1066 2474 tuum
1142 2406 1554 2491 tenebrosum
1603 2410 1720 2474 est.
1773 2407 1839 2473 Si
1887 2425 2036 2489 ergo
2084 2407 2319 2490 lumen,
2396 2408 2565 2488 quod
2613 2407 2680 2472 in
2725 2412 2792 2473 te
2837 2413 2959 2488 est,

354 2513 658 2579 tenebrae
704 2519 872 2593 sunt,
920 2514 1060 2596 ipse
1107 2513 1406 2579 tenebrae
1453 2517 1728 2596 quantae
1776 2513 1970 2578 sunt?
2039 2513 2141 2579 24.
2204 2512 2406 2578 Nemo
2452 2517 2669 2596 potest
2711 2512 2960 2578 duobus

359 2619 631 2683 dominis
677 2619 940 2702 seruire,
991 2623 1101 2683 aut
1151 2637 1343 2684 unum
1389 2619 1566 2684 odiet
1612 2624 1680 2684 et
1724 2620 1993 2685 alterum
2041 2619 2300 2695 amauit,
2364 2624 2473 2683 aut
2536 2636 2728 2683 unum
2787 2618 2953 2701 pati·

358 2728 499 2787 etur
557 2727 623 2788 et
682 2723 955 2789 alterum
1018 2729 1397 2791 contemnet.
1490 2723 1633 2789 Non
1702 2725 1976 2807 potestis
2038 2723 2157 2789 deo
2203 2724 2446 2789 seruire
2500 2726 2566 2789 et
2609 2740 2954 2790 mamonae.

359 2830 460 2894 25.
510 2829 665 2894 Ideo
711 2829 854 2893 dico
905 2830 1121 2894 uobis:
1170 2848 1251 2894 ne
1299 2830 1593 2911 cogitetis
1640 2831 1705 2895 in
1769 2830 1960 2896 corde
2030 2833 2244 2896 uestro
2313 2829 2467 2911 quid
2536 2828 2957 2909 manducetis,

359 2951 566 3016 neque
615 2934 866 3015 corpori
915 2935 1068 3015 quid
1114 2933 1413 2999 induatis
1465 2931 1689 2998 Nonne
1720 2936 1933 3000 anima
1963 2934 2108 3016 plus
2155 2939 2255 2999 est
2304 2952 2488 3017 quam
2515 2953 2682 3010 esca,
2726 2939 2793 3000 et
2821 2953 2956 3000 cor·

358 3055 480 3119 pus
526 3037 670 3118 plus
716 3041 821 3103 est
891 3055 1076 3117 quam
1130 3038 1632 3103 uestimentum?
1677 3040 1782 3104 26.
1830 3038 2160 3119 Respicite
2208 3033 2500 3102 uolatilia
2546 3038 2725 3120 caeli,
2802 3055 2958 3120 quo·

363 3144 528 3207 niam
575 3161 700 3207 non
747 3149 988 3223 serunt,
1065 3160 1272 3224 neque
1319 3148 1584 3222 metunt,
1660 3161 1867 3225 neque
1934 3148 2360 3224 congraegant
2419 3143 2484 3208 in
2544 3143 2814 3225 horreis,
2892 3152 2959 3210 et

367 3255 552 3331 pater
597 3254 817 3314 uester
863 3248 1158 3314 caelestis
1191 3249 1396 3329 pascit
1441 3248 1555 3313 illa
1620 3249 1847 3313 Nonne
1894 3267 2010 3314 uos
2058 3249 2260 3329 magis
2310 3249 2525 3330 plures
2571 3248 2732 3313 estis
2777 3247 2960 3313 illis?

358 3356 460 3421 27.
510 3351 667 3429 Quis
712 3357 927 3419 autem
975 3357 1191 3435 potest
1235 3359 1518 3418 uestrum
1581 3353 1838 3417 adicere
1907 3353 1988 3417 ad
2052 3355 2359 3417 staturam
2428 3370 2610 3416 suam
2678 3351 2959 3417 cubitum

357 3460 602 3525 unum?
692 3460 795 3526 28.
843 3460 931 3523 Et
978 3459 1059 3523 de
1108 3459 1492 3524 uestimento
1555 3458 1817 3527 solliciti
1878 3458 2084 3525 estis?
2177 3456 2594 3522 Considerate
2641 3455 2777 3520 lilia
2823 3458 2960 3536 agri

359 3564 676 3648 quomodo
725 3569 1042 3643 crescunt,
1090 3582 1216 3628 non
1263 3563 1572 3644 laborant,
1623 3581 1831 3644 neque
1878 3567 2091 3627 neunt.
2141 3562 2243 3628 29.
2291 3562 2451 3626 Dico
2497 3564 2710 3624 autem
2756 3557 2958 3637 uobis,

362 3671 663 3754 quoniam
709 3688 827 3734 nec
873 3667 1170 3734 Solomon
1217 3668 1281 3733 in
1328 3668 1497 3732 omni
1545 3667 1753 3748 gloria
1797 3685 1913 3731 sua
1942 3668 2036 3733 ita
2067 3670 2402 3748 coopertus
2435 3670 2536 3738 est
2563 3664 2734 3730 sicut
2764 3679 2958 3726 unum

360 3795 441 3840 ex
483 3776 645 3842 istis.
692 3775 804 3841 30.
852 3772 919 3839 Si
965 3774 1134 3838 enim
1180 3773 1435 3839 faenum
1482 3774 1643 3855 agri,
1712 3773 1884 3853 quod
1954 3772 2143 3837 hodie
2188 3777 2288 3836 est
2336 3774 2401 3834 et
2447 3786 2586 3833 cras
2631 3768 2696 3833 in
2743 3767 2954 3848 ignem

362 3879 654 3960 mittitur,
703 3880 860 3945 deus
905 3880 998 3943 sic
1046 3879 1262 3958 uestit,
1310 3882 1547 3959 quanto
1594 3877 1796 3957 magis
1840 3894 1961 3940 uos
2008 3875 2292 3941 modicae
2339 3871 2534 3939 fidei?
2592 3874 2697 3938 31.
2744 3870 2958 3937 Nolite

361 4002 512 4066 ergo
552 3983 809 4049 solliciti
842 4002 984 4050 esse
1017 3983 1331 4047 dicentes:
1381 3981 1533 4063 quid
1563 3979 2107 4059 manducabimus,
2155 3984 2266 4043 aut
2311 3978 2463 4060 quid
2508 3976 2819 4056 bibemus,
2851 3980 2965 4041 aut

361 4089 516 4172 quid
563 4087 972 4172 operiemur?
1061 4091 1164 4154 32.
1235 4087 1414 4152 Haec
1459 4087 1626 4152 enim
1675 4090 1895 4168 gentes
1941 4085 2291 4169 inquirunt.
2341 4082 2475 4148 Scit
2518 4086 2731 4147 autem
2779 4086 2962 4163 pater

359 4199 598 4274 uester,
647 4193 942 4275 quoniam
987 4191 1209 4256 horum
1258 4192 1536 4256 omnium
1583 4191 1908 4273 indigetis,
1999 4191 2104 4257 33.
2153 4187 2458 4266 Quaerite
2504 4202 2655 4268 ergo
2694 4197 2964 4268 regnum·

361 4300 464 4364 dei
510 4303 578 4364 et
624 4297 932 4364 iustitiam
979 4297 1135 4374 eius,
1186 4304 1251 4361 et
1294 4296 1454 4361 haec
1500 4295 1711 4361 omnia
1758 4295 2256 4377 praestabuntur
2300 4291 2502 4358 uobis.
2557 4292 2698 4357 -34.
2745 4288 2962 4357 Nolite

359 4403 618 4468 solliciti
665 4420 807 4469 esse
853 4403 918 4466 in
981 4402 1344 4468 crastinum.
1439 4399 1772 4467 Crastinus
1842 4401 2010 4465 enim
2078 4400 2216 4464 dies
2278 4397 2594 4464 sollicitus
2655 4395 2779 4462 erit
2840 4396 2960 4461 sibi

357 4506 518 4588 ipse.
565 4503 815 4573 Sufficit
862 4505 988 4571 diei
1036 4506 1279 4572 malitia
1322 4524 1457 4571 sua.

569 4715 743 4785 vll.
794 4723 848 4784 l.
895 4718 1113 4784 Nolite
1155 4717 1463 4794 iudicare,
1511 4720 1582 4779 ut
1626 4732 1750 4778 non
1799 4714 2184 4781 indicemini.
2256 4717 2314 4779 2.
2363 4710 2438 4779 In
2485 4728 2607 4794 quo
2655 4711 2821 4778 enim
2864 4711 2960 4779 iu·

362 4820 529 4887 dicio
574 4823 1031 4898 iudicaberitis,
1081 4822 1474 4888 iudicabitur
1519 4821 1598 4886 de
1640 4816 1863 4900 uobis3
1941 4825 2007 4883 et
2073 4820 2136 4882 in
2205 4838 2329 4903 qua
2396 4835 2694 4883 mensura
2759 4816 2964 4883 mensi
