3484 5617
660 457 745 521 32
1352 423 1361 430 ’
1413 448 1774 517 Euangeiium
1816 447 2117 502 secundum
2157 447 2514 502 Matthaeum.
3078 448 3133 503 C.
3168 456 3246 504 23.

660 663 829 728 facta
891 681 1044 726 uero
1106 680 1323 727 eorum
1390 659 1588 726 nolite
1651 658 1900 737 facere3
1981 660 2199 723 dicunt
2260 660 2446 738 enim,
2495 665 2558 725 et
2618 659 2741 742 ipsi
2809 680 2929 725 non
2998 657 3250 727 faciunt.

659 770 721 833 4.
775 766 1053 848 Alligant
1100 770 1314 831 antem
1362 783 1555 829 onera
1604 763 1828 845 grauia
1873 769 1940 829 et
1989 768 2234 845 ponunt
2281 765 2344 828 in
2378 767 2631 831 umeros
2667 765 3010 844 hominum,
3061 767 3254 848 digito

658 877 869 938 autem
935 890 1049 937 suo
1110 871 1334 936 nolunt
1399 888 1473 935 ea
1534 885 1812 934 mouere.
1863 869 1921 936 5.
1971 866 2200 934 Omnia
2264 888 2417 934 uero
2463 888 2659 952 opera
2704 890 2818 937 sua
2861 869 3127 950 faciunt,
3192 878 3254 938 ut

658 976 997 1042 uideantur
1041 974 1120 1040 ab
1166 975 1563 1054 hominibus;
1628 974 1900 1039 dilatant
1947 973 2112 1038 enim
2158 973 2492 1056 fylacteria
2560 994 2674 1041 sua
2746 981 2811 1040 et
2855 974 3257 1057 magnificant

659 1080 936 1147 fimbrias
1007 1098 1176 1146 suas.
1252 1083 1307 1145 6.
1358 1081 1595 1145 Amant
1666 1081 1877 1144 autem
1947 1079 2218 1160 primum
2280 1079 2634 1144 recubitum
2705 1080 2769 1145 in
2816 1082 3151 1165 conuiuiiS,
3197 1087 3256 1146 et

666 1188 900 1267 primas
952 1185 1242 1250 catedras
1289 1185 1353 1249 in
1400 1184 1758 1267 synagogiS,
1810 1185 1865 1249 7.
1916 1186 1981 1247 et
2026 1183 2443 1249 salutationes
2488 1185 2552 1249 in
2599 1183 2758 1264 f0r0,
2806 1190 2872 1250 et
2917 1185 3138 1251 uocari
3184 1186 3255 1251 ab

659 1290 1018 1355 hominibus
1083 1288 1281 1354 rabbi.
1353 1291 1410 1355 8.
1461 1288 1594 1354 Uos
1642 1292 1856 1353 autem
1916 1288 2117 1353 nolite
2167 1289 2382 1354 uocari
2429 1288 2626 1354 rabbi.
2710 1286 2888 1356 Unus
2949 1294 3048 1356 est
3094 1292 3255 1356 enim

655 1395 960 1476 magister
985 1398 1219 1474 uester,
1246 1413 1463 1460 omnes
1489 1398 1702 1459 autem
1739 1412 1853 1458 uos
1878 1393 2110 1459 fratres
2134 1392 2310 1459 estis.
2344 1394 2401 1459 9.
2429 1395 2514 1460 Et
2538 1400 2783 1476 patrem
2809 1395 3005 1462 nolite
3030 1416 3257 1463 uocare

658 1498 839 1565 uobis
885 1517 1080 1582 super
1127 1504 1394 1578 terram;
1445 1517 1607 1563 unus
1654 1504 1758 1564 est
1819 1500 1989 1563 enim
2052 1503 2237 1579 pater
2300 1504 2535 1580 uester,
2605 1500 2711 1582 qui
2782 1501 2847 1564 in
2894 1501 3093 1566 caelis
3144 1508 3255 1567 est.

667 1606 760 1670 10.
811 1603 944 1670 Nec
993 1603 1310 1670 uocamini
1353 1602 1664 1687 magistri,
1726 1604 1876 1685 quia
1923 1604 2229 1685 magister
2293 1609 2508 1671 uester
2554 1603 3078 1679 unuS„Christ-us.
3162 1610 3252 1673 11.

656 1709 776 1787 Qui
825 1709 1026 1775 maior
1057 1713 1156 1774 est
1192 1714 1496 1791 uestrum,
1544 1708 1669 1772 erit
1713 1713 1933 1773 uester
1977 1708 2290 1773 minister.
2345 1710 2442 1773 12.
2494 1707 2615 1787 Qui
2662 1713 2875 1774 autem
2921 1726 2989 1774 se
3021 1710 3252 1776 exalta-

658 1814 843 1894 berit,
891 1813 1355 1896 humiliabitur,
1404 1817 1469 1876 et
1502 1813 1610 1893 qui
1657 1830 1727 1878 se
1761 1812 2220 1893 humiliabitur,
2269 1813 2672 1877 exaltabitur.
2728 1815 2827 1879 13.
2874 1813 3016 1879 Uae
3046 1821 3251 1881 autem

653 1919 833 1984 uobis
879 1916 1130 1984 scribae
1174 1923 1240 1984 et
1287 1917 1572 1983 Farisaei
1619 1917 2016 2001 hypocritae,
2066 1919 2215 2000 quia
2260 1917 2559 1983 clauditis
2622 1936 2887 2000 regnum
2936 1919 3247 1986 caelorum

661 2023 1044 2089 hominibus.
1116 2022 1253 2089 Uos
1313 2022 1482 2088 enim
1541 2041 1665 2088 non
1721 2022 1994 2097 intratiS,
2060 2041 2177 2090 nec
2243 2024 2644 2089 introeuntes
2718 2023 2929 2091 sinitis
2995 2024 3247 2092 intrare.

663 2131 759 2195 14.
808 2127 946 2194 Uae
1005 2127 1190 2195 uobis
1224 2126 1500 2194 ‘scribae
1561 2131 1626 2192 et
1684 2127 1994 2207 Farisaei,
2063 2127 2458 2211 hypocritae,
2538 2129 2838 2210 quoniam
2925 2129 3248 2195 comeditis

653 2232 876 2299 domos
928 2233 1290 2313 uiduarum,
1361 2232 1738 2298 occansione
1800 2233 1990 2313 longa
2059 2237 2356 2312 orantes3
2432 2239 2691 2315 propter
2751 2234 2869 2299 hoc
2929 2234 3246 2316 accipietis

654 2337 929 2421 amplius
973 2337 1301 2403 iudicium.
1358 2338 1451 2403 15.
1500 2337 1642 2402 Uae
1691 2336 1872 2402 uobis
1918 2338 2169 2403 scribae
2219 2343 2283 2404 et
2313 2337 2624 2419 Farisaei,
2670 2338 3059 2424 hypocritae,
3112 2339 3244 2419 quia

654 2443 938 2509 circuitis
954 2462 1129 2508 mare
1148 2447 1213 2509 et
1229 2443 1490 2522 aridam,
1511 2446 1583 2509 ut
1599 2440 1851 2507 faciatis
1879 2461 2068 2507 unum
2098 2444 2485 2525 proselytum
2507 2462 2521 2522 3
2550 2448 2614 2508 et
2649 2463 2792 2508 cum
2816 2442 3011 2508 fuerit
3026 2444 3232 2525 factus

608 2546 860 2615 ‘facitis
922 2567 1065 2612 eum
1128 2546 1329 2612 filium
1395 2546 1719 2628 gehennae
1782 2547 1975 2628 duplo
2039 2566 2224 2628 quam
2276 2566 2405 2613 uos.
2482 2551 2581 2615 16.
2631 2547 2771 2613 Uae
2830 2549 3017 2614 uobis
3064 2549 3226 2611 duces

651 2651 846 2732 caeci,
895 2653 1002 2734 qui
1049 2653 1295 2718 dicitis:
1346 2652 1727 2734 quicumque
1776 2652 2095 2717 iurauerit
2125 2653 2190 2718 in
2223 2653 2479 2733 templo,
2529 2652 2687 2717 nihil
2719 2658 2852 2728 est3
2903 2652 3013 2734 qui
3046 2656 3238 2716 autem

648 2756 958 2823 iuraberit
1002 2758 1068 2822 in
1117 2776 1273 2822 auro
1322 2756 1567 2838 templi,
1617 2755 1831 2823 debet.
1885 2760 1984 2824 17.
2034 2756 2227 2823 Stulti
2275 2761 2341 2822 et
2386 2758 2579 2836 caeci,
2629 2758 2781 2839 quid
2829 2757 2999 2824 enim
3044 2757 3243 2821 maius

648 2867 767 2941 est,
815 2882 1062 2942 aurum,
1089 2881 1169 2926 an
1204 2862 1531 2944 templum,
1580 2865 1752 2944 quod
1786 2862 2146 2930 sanctificat
2177 2881 2419 2929 aurum.
2484 2866 2576 2929 18.
2626 2864 2711 2927 Et
2756 2865 2864 2945 qui
2910 2898 2995 2912 —-
3040 2899 3129 2908 ——
3174 2854 3245 2907 -’

648 2969 750 3033 27.
801 2966 1161 3032 hominibus
1223 2967 1530 3049 speciosa,
1594 2968 1768 3033 intus
1818 2987 1968 3035 uero
2019 2970 2204 3050 plena
2250 2973 2401 3034 sunt
2447 2967 2704 3033 ossibus
2751 2972 3146 3034 mortuorum
3193 2969 3249 3029 et

647 3074 819 3138 omni
865 3073 1193 3154 spurcitia.
1245 3073 1348 3136 28.
1396 3071 1501 3137 Sic
1550 3077 1614 3137 et
1661 3091 1777 3138 uos
1822 3072 2051 3138 aforis
2098 3073 2356 3153 quidem
2387 3074 2629 3154 paretis
2678 3071 3037 3139 hominibus
3084 3071 3248 3146 iusti,

647 3177 821 3242 intus
868 3182 1079 3241 autem
1130 3176 1302 3258 pleni
1348 3178 1507 3242 estis
1554 3177 1877 3260 hypocrisi
1923 3182 1994 3242 et
2039 3178 2401 3259 iniquitate.
2449 3178 2555 3242 29.
2605 3177 2743 3244 Uae
2792 3177 2972 3248 uobis
3006 3174 3251 3241 scribae

650 3287 715 3346 et
776 3281 1065 3345 Farisaei
1134 3281 1532 3365 hypocritae,
1624 3285 1733 3365 qui
1810 3281 2164 3347 aedificatis
2233 3281 2571 3366 sepulchra
2639 3282 3118 3365 prophetarum,
3194 3284 3254 3344 et

649 3387 894 3452 ornatis
962 3393 1370 3452 monumenta
1434 3388 1770 3467 iustorum,
1836 3393 1903 3452 et
1948 3387 2200 3452 dicitis:
2274 3389 2376 3453 30.
2455 3382 2604 3468 quia
2671 3388 2725 3454 si
2786 3386 3131 3454 fuissemus
3192 3386 3253 3450 in

650 3490 876 3558 diebus
921 3495 1175 3572 patrum
1223 3497 1605 3570 nostrorum,
1669 3511 1797 3557 non
1844 3510 2129 3558 essemus
2175 3492 2329 3557 socii
2372 3480 2594 3556 veorum
2642 3492 2706 3557 in
2754 3493 3063 3576 sanguine
3113 3510 3250 3573 pro-

649 3595 1002 3678 phetarum.
1053 3598 1157 3662 31.
1208 3596 1436 3676 Itaque
1466 3595 1904 3661 testimonium
1939 3596 2212 3661 redditis
2237 3593 2438 3671 uobiS,
2489 3597 2639 3677 quia
2671 3595 2782 3661 filii
2817 3596 2976 3668 estis
3008 3614 3251 3674 eorum,

651 3702 758 3782 qui
819 3701 1168 3783 prophetas
1236 3699 1629 3766 occiderunt.
1715 3703 1817 3767 32.
1881 3701 1968 3766 Et
2032 3718 2147 3766 uos
2214 3702 2475 3783 implete
2559 3719 2922 3770 mensuram
2998 3706 3253 3782 patrum

649 3811 1029 3872 uestrorum.
1103 3807 1206 3872 33.
1272 3805 1620 3870 Generatio
1701 3806 2082 3886 uiperarum,
2172 3805 2491 3886 quomodo
2559 3806 2824 3889 fugietis
2911 3827 2948 3872 a
3014 3806 3253 3870 iudicio

647 3909 1024 3991 gehennae?
1087 3912 1188 3977 34.
1240 3911 1393 3976 Ideo
1455 3929 1604 3976 ecce
1671 3929 1791 3993 ego
1836 3910 2021 3975 mitto
2090 3911 2171 3973 ad
2217 3928 2333 3974 uos
2380 3911 2747 3992 prophetas,
2795 3915 2860 3977 et
2906 3913 3251 3995 sapientes,

647 4020 713 4080 et
760 4015 1023 4093 scribas,
1073 4021 1137 4080 et
1185 4034 1261 4079 ex
1311 4015 1439 4080 iliis
1467 4014 1776 4080 occidetis
1823 4020 1888 4080 et
1935 4012 2323 4094 crucifigetis
2371 4021 2435 4079 et
2480 4012 2885 4095 flagellabitis
2952 4018 3018 4080 in
3066 4033 3254 4104 syna-

649 4121 828 4204 gogis
875 4121 1137 4200 uestriS,
1186 4124 1251 4185 et
1297 4119 1755 4202 persequimini
1804 4120 1882 4184 de
1929 4118 2190 4184 ciuitate
2236 4120 2300 4183 in
2348 4120 2696 4198 ciuitatem,
2768 4121 2869 4187 35.
2919 4125 2992 4184 ut
3040 4121 3257 4186 ueniat

645 4244 841 4307 super
886 4244 1002 4290 uos
1050 4223 1254 4290 omnis
1316 4225 1580 4305 sanguis
1627 4225 1855 4301 iustus,
1904 4224 2011 4306 qui
2059 4222 2297 4289 effusus
2342 4230 2442 4290 est
2485 4244 2678 4306 super
2721 4230 2975 4306 terram,
3025 4245 3062 4289 a
3109 4243 3254 4290 san·

641 4331 834 4410 guine
858 4328 1018 4394 Abel
1042 4328 1196 4393 iusti
1230 4346 1431 4410 usque
1465 4329 1546 4392 ad
1580 4330 1954 4410 sanguinem
1986 4328 2332 4394 Zachariae
2366 4327 2454 4393 fili
2488 4329 2821 4409 Barachie,
2856 4349 3043 4413 quem
3090 4330 3255 4394 occi-

645 4431 834 4500 distis
897 4434 1068 4498 iuter
1130 4432 1434 4514 templum
1503 4438 1569 4498 et
1613 4434 1836 4499 altare.
1906 4435 2009 4500 36.
2060 4433 2258 4498 Amen
2306 4434 2450 4499 dico
2519 4435 2722 4513 uobiS,
2785 4436 3050 4502 uenient
3092 4435 3255 4499 haec

646 4540 858 4604 omnia
900 4556 1095 4621 super
1141 4538 1624 4619 generationem
1670 4540 1881 4603 istam.
1944 4537 2049 4603 37.
2097 4539 2524 4619 Hierusalem,
2595 4538 3028 4617 Hierusalem,
3090 4557 3254 4621 quae

647 4643 889 4708 occidis
936 4642 1288 4725 prophetas
1333 4646 1401 4705 et
1443 4641 1698 4724 lapidas
1744 4662 1875 4721 eOS,
1921 4644 2028 4725 qui
2078 4644 2158 4707 ad
2206 4648 2272 4707 te
2317 4644 2699 4722 missisunt,
2749 4646 3045 4724 quotiens
3075 4643 3258 4707 uolui

655 4763 1041 4829 congregare
1070 4743 1238 4811 filios
1270 4750 1436 4825 tuos,
1471 4746 2000 4828 quemadmodum
2047 4746 2283 4829 gallina
2318 4752 2664 4829 congregat
2688 4748 2904 4832 pullos
2951 4764 3097 4813 suos
3133 4745 3254 4813 sub
