3484 5617
359 500 412 551 C.
455 503 501 553 4.
1151 496 1511 568 Euangelium
1550 495 1852 553 secundum
1891 493 2194 551 Lucanum.
2884 501 2968 568 85

359 712 466 778 bat
512 732 589 778 ea
637 712 829 794 loqui,
878 713 1027 795 quia
1074 712 1365 777 sciebant
1425 710 1637 792 ipsum
1700 728 1843 775 esse
1905 708 2249 774 Christum.
2341 713 2445 776 42.
2495 710 2700 777 Facta.
2756 716 2969 776 autem

356 818 461 882 die
507 835 806 899 egressus
851 819 989 882 ibat
1032 817 1096 879 in
1145 817 1468 880 desertum
1513 814 1746 895 locum,
1794 819 1859 878 et
1904 814 2131 878 turbae
2179 815 2595 894 requirebant
2662 834 2828 898 eum,
2899 821 2968 880 et

357 942 479 987 uen
519 974 531 985 .
575 973 588 988 .
627 973 642 988 .
702 940 907 1003 usque
955 920 1037 984 ad
1084 920 1291 1001 ipsum
1340 924 1406 983 et
1449 920 1813 984 retinebant
1858 918 2057 996 illurn,
2123 924 2195 983 ut
2255 920 2334 985 ab
2381 918 2541 1001 ipsis
2586 939 2713 985 non
2763 919 2967 986 disce-

359 1029 562 1092 deret.
613 1028 717 1091 43.
768 1025 1015 1103 Quibus
1069 1025 1176 1089 ille
1223 1025 1347 1089 ait:
1390 1024 1555 1102 Quia
1601 1029 1666 1088 et
1712 1025 1855 1088 aliis
1903 1022 2275 1088 ciuitatibus
2322 1028 2578 1105 oportet
2623 1043 2720 1089 me
2766 1045 2963 1091 euan-

356 1133 554 1196 lizare
626 1149 891 1212 regnum
968 1131 1090 1208 dei,
1160 1130 1309 1210 quia
1376 1129 1519 1194 ideo
1588 1130 1819 1193 missus
1866 1147 2021 1192 sum.
2113 1128 2217 1191 44.
2265 1127 2350 1192 Et
2396 1130 2536 1193 erat
2581 1130 2965 1211 praedicans

359 1237 423 1300 in
470 1234 810 1318 synagogis
860 1233 1208 1299 Galilaeae.

563 1444 645 1511 V.
699 1445 751 1506 1.
803 1443 1067 1507 Factum
1093 1447 1192 1507 est
1222 1447 1456 1520 autem,
1489 1460 1634 1507 cum
1662 1441 1885 1508 turbae
1916 1442 2255 1507 inruerunt
2289 1443 2355 1507 in
2378 1460 2544 1523 eum,
2571 1446 2643 1507 ut
2667 1442 2964 1509 audirent

356 1547 616 1612 uerbum
666 1546 790 1625 dei,
838 1551 905 1610 et
947 1546 1087 1627 ipse
1134 1547 1350 1612 stabat
1408 1565 1591 1612 secus
1653 1549 1949 1627 stagnum
2000 1546 2372 1614 Genezaret.
2466 1550 2525 1612 2.
2574 1547 2758 1612 Uidit
2804 1549 2962 1614 duas

353 1669 550 1716 naues
595 1655 774 1715 stare
819 1668 1006 1715 secus
1055 1657 1385 1732 stagnum3
1448 1654 1807 1733 piscatores
1870 1656 2083 1716 autem
2147 1652 2622 1718 descendebant
2675 1653 2964 1724 etlaua·

351 1756 506 1818 bant
547 1755 731 1820 retia.
823 1755 879 1818 3.
930 1756 1301 1821 Ascendens
1349 1761 1560 1820 autem
1610 1757 1675 1820 in
1720 1774 1913 1819 unam
1959 1774 2212 1835 nauem,
2260 1775 2423 1838 quae
2472 1762 2612 1821 erat
2659 1757 2954 1835 SimoniS,

350 1861 602 1941 rogauit
648 1876 813 1938 eum,
859 1859 946 1922 ut‘
975 1860 1355 1925 inducerent
1399 1861 1479 1926 ad
1530 1865 1769 1925 terram
1833 1859 2318 1941 aliquantulum.
2366 1860 2455 1926 Et
2501 1861 2727 1926 sedens
2777 1861 2961 1927 doce-

349 1966 463 2028 bat
506 1965 588 2029 de
634 1964 935 2029 nauicula
964 1965 1204 2030 turbas.
1251 1966 1314 2030 4.
1361 1964 1452 2030 Ut
1485 1966 1770 2030 cessauit
1803 1972 2015 2030 autem
2046 1966 2242 2046 loqui,
2295 1966 2454 2031 dixit
2499 1967 2581 2031 ad
2627 1964 2955 2031 Simonen:

351 2069 492 2134 Duc
538 2070 602 2133 in
646 2070 843 2134 altum
893 2075 957 2135 et
1001 2071 1213 2135 laxate
1282 2071 1447 2135 retia
1507 2076 1724 2135 uestra
1777 2073 1843 2136 in
1894 2075 2239 2150 capturam.
2317 2072 2377 2138 5.
2425 2072 2512 2135 Et
2558 2072 2959 2153 respondens

349 2174 563 2240 Simon
612 2174 778 2239 dixit
824 2174 955 2240 illi:
1021 2176 1425 2258 Praeceptor,
1476 2194 1592 2258 per
1636 2182 1841 2241 totam
1886 2181 2134 2241 noctem
2179 2173 2564 2260 laborantes,
2614 2176 2773 2241 nibil
2817 2194 2959 2241 coe-

347 2279 576 2362 pimus,
645 2279 757 2344 sed
805 2281 869 2343 in
916 2280 1114 2345 uerbo
1182 2283 1293 2345 tuo
1362 2280 1588 2345 laxabo
1635 2282 1819 2347 retia.
1889 2283 1948 2345 6.
1983 2281 2242 2346 Etcum
2273 2280 2393 2344 hoc
2439 2278 2761 2361 fecissent,
2811 2300 2958 2347 con·

352 2384 685 2450 cluserunt
736 2386 1006 2467 piscium
1075 2386 1547 2450 multitudinem
1595 2387 1933 2467 copiosam,
1982 2385 2444 2467 rumpebantur
2510 2390 2723 2451 autem
2789 2387 2958 2451 retia

349 2509 581 2555 eorum.
635 2494 692 2556 7.
742 2491 828 2555 Et
874 2493 1235 2556 adnuerunt
1282 2490 1492 2572 so'ciis,
1543 2489 1653 2571 qui
1692 2495 1876 2554 erant
1923 2490 1987 2552 in
2035 2490 2163 2553 alia
2211 2490 2380 2568 naui,
2427 2494 2500 2554 ut
2551 2491 2845 2555 uenirent
2891 2496 2959 2555 et

350 2597 731 2663 adiuuarent
777 2614 905 2661 eos.
953 2597 1042 2661 Et
1086 2598 1519 2678 impleuerunt
1562 2596 1783 2661 ambas
1834 2596 2185 2674 nauiculaS,
2233 2596 2326 2659 ita
2372 2599 2443 2658 ut
2488 2600 2953 2677 mergerentur.

352 2701 411 2764 8.
460 2699 640 2776 Quod
689 2720 829 2765 cum
878 2701 1131 2765 uideret
1157 2701 1371 2765 Simon
1418 2699 1696 2781 procidit
1745 2699 1826 2764 ad
1872 2718 2078 2780 genua
2110 2700 2264 2764 Jesu
2298 2699 2551 2764 dicens:
2600 2700 2724 2763 Exi
2768 2720 2806 2765 a
2852 2720 2953 2765 me

351 2804 622 2886 domine,
689 2805 836 2887 quia
895 2805 1081 2869 homo
1133 2810 1431 2886 peccator
1489 2823 1647 2869 sum.
1723 2806 1783 2870 9.
1848 2804 2108 2869 Miratio
2170 2806 2337 2869 enim
2402 2804 2828 2870 habebat...
2890 2809 2957 2871 et

351 2924 570 2973 omnes
605 2909 711 2989 qui
745 2929 882 2974 cum
912 2910 1021 2974 illo
1056 2915 1257 2987 erant,
1303 2910 1367 2973 in
1401 2914 1667 2990 captura
1701 2909 1973 2990 piscium
2007 2928 2194 2991 quam
2222 2917 2598 2991 coeperant3
2651 2910 2733 2974 10
2777 2910 2951 2974 simi-

349 3013 499 3078 liter
538 3018 746 3077 autem
777 3014 1057 3078 Jacobus
1105 3018 1170 3077 et
1192 3013 1518 3078 Johannes
1563 3013 1679 3077 filii
1703 3013 2044 3093 Zebedaei,
2092 3016 2200 3096 qui
2246 3019 2431 3080 erant
2474 3014 2632 3079 socii
2658 3013 2951 3080 Simonis.

350 3117 436 3181 Et
480 3118 572 3182 ait
603 3118 684 3182 ad
715 3117 1032 3182 Simonem
1081 3117 1304 3182 Jesus:
1354 3118 1499 3182 Noli
1548 3118 1796 3195 timere,
1844 3138 1920 3183 ex
1954 3119 2228 3183 bociam
2278 3119 2403 3185 eris
2449 3117 2740 3183 homines
2785 3119 2950 3182 uiui-

347 3221 563 3286 ficans.
615 3225 713 3287 11.
760 3222 848 3286 Et
891 3222 1226 3287 subductis
1272 3222 1353 3286 ad
1399 3226 1636 3286 terram
1697 3225 2011 3290 nauiculis
2082 3225 2323 3292 relictis
2392 3224 2686 3290 omnibus
2748 3226 2950 3290 secuti

345 3332 496 3392 sunt
540 3346 702 3391 eum.
758 3330 857 3390 12.
904 3327 991 3391 Et
1036 3326 1272 3391 factum
1318 3331 1436 3405 est,
1486 3346 1627 3392 cum
1675 3335 1849 3395 esset
1910 3330 1973 3394 in
2036 3349 2163 3394 una
2204 3331 2559 3409 ciuitatum,
2629 3348 2779 3394 ecce
2847 3330 2952 3395 uir

344 3433 574 3514 plenus
618 3431 819 3514 lepra,
866 3436 933 3496 et
981 3433 1118 3512 ipse
1145 3432 1481 3514 procidens
1528 3434 1592 3496 in
1638 3432 1864 3499 faciem
1915 3435 2180 3515 rogabat
2211 3454 2354 3499 eum
2390 3436 2647 3500 dicens:
2697 3435 2950 3499 domine

345 3535 400 3602 si
425 3538 545 3619 uis,
572 3541 756 3618 potes
802 3556 901 3600 me
933 3537 1258 3602 mundare.
1320 3540 1410 3603 13.
1443 3537 1529 3600 Et
1561 3538 1909 3603 extendens
1941 3557 2195 3604 manum
2229 3542 2444 3622 tetigit
2474 3541 2653 3605 illum
2689 3539 2945 3603 dicens:

343 3640 528 3720 Uolo,
576 3643 904 3709 mundare.
952 3642 1039 3706 Et
1086 3640 1421 3708 confestim
1465 3643 1644 3723 lepra
1691 3644 1832 3708 eius
1881 3643 2178 3708 discessit
2223 3645 2301 3708 ab
2347 3645 2495 3725 illo;
2548 3645 2645 3707 14.
2697 3648 2761 3707 et
2808 3644 2947 3723 ipse

346 3750 672 3830 praecepit
702 3748 795 3811 illi
827 3747 1062 3811 nemini
1111 3748 1374 3825 diceret,
1423 3746 1535 3811 sed
1567 3746 1753 3825 uade,
1800 3747 2066 3811 ostende
2089 3753 2152 3812 te
2200 3747 2643 3813 sacerdotibus
2660 3751 2727 3812 et
2755 3745 2946 3811 offers

347 3871 458 3932 pro
485 3854 935 3918 emundatione
959 3859 1089 3932 tua,
1137 3855 1304 3918 sicut
1334 3852 1664 3934 praecepit
1694 3852 1951 3934 Moyses
1985 3901 1999 3914 .
2034 3901 2048 3915 .
2084 3900 2098 3914 .
2148 3857 2218 3917 ut
2250 3854 2381 3917 sint
2411 3852 2477 3914 in
2508 3851 2944 3916 testimonium

396 4008 460 4023 ..
509 3957 711 4023 uobiS.
795 3961 891 4023 15.
944 3958 1345 4022 Perambulat
1406 3961 1618 4021 autem
1665 3955 1869 4038 magis
1915 3975 2122 4021 sermo
2171 3957 2250 4020 de
2294 3956 2428 4033 illo,
2497 3961 2565 4021 et
2610 3958 2947 4021 conuenie-

344 4063 496 4127 bant
539 4062 767 4127 turbae
811 4063 1096 4142 multae,·
1130 4068 1202 4126 ut
1249 4062 1546 4127 audirent
1591 4067 1656 4125 et
1704 4065 2083 4127 curarentur
2130 4061 2209 4125 ab
2256 4059 2734 4125 infirmitatibus
2789 4061 2944 4126 suis.

346 4169 445 4232 16.
493 4168 642 4250 Ipse
689 4174 901 4234 autem
951 4169 1292 4233 secedebat
1352 4168 1415 4230 in
1480 4168 1735 4232 deserto
1800 4172 1867 4231 et
1925 4167 2166 4232 orabat.
2256 4166 2343 4230 Et
2386 4166 2624 4231 factum
2655 4217 2667 4229 .
2702 4216 2766 4231 ..
2819 4185 2945 4231 una

343 4271 603 4352 dierum,
651 4278 716 4338 et
762 4274 902 4354 ipse
969 4276 1110 4335 erat
1172 4271 1424 4337 docens.
1516 4270 1603 4336 Et
1663 4277 1849 4336 erant
1908 4270 2237 4337 Pharisaei
2297 4270 2596 4337 sedentes
2657 4275 2723 4334 et
2784 4272 2944 4351 legis

343 4377 638 4442 doctores
684 4377 792 4459 qui
840 4382 1151 4441 uenerant
1198 4394 1275 4439 ex
1326 4376 1493 4439 omni
1528 4375 1791 4440 castello
1826 4375 2155 4441 Galilaeae
2201 4380 2268 4440 et
2310 4376 2351 4441 J
2360 4378 2560 4441 udeae
2607 4378 2673 4440 et
2703 4374 2940 4439 Hieru-

340 4482 560 4561 salem,
609 4486 675 4547 et
699 4482 907 4551 uirtus
953 4485 1091 4546 erat
1116 4480 1354 4545 domini
1403 4481 1483 4544 ad
1529 4481 1883 4545 sanandum
1907 4500 2035 4546 eos.
2093 4483 2186 4548 18.
2233 4481 2318 4545 Et
2344 4498 2491 4545 ecce
2516 4482 2641 4545 uiri
2688 4485 2942 4562 portan-

340 4591 439 4651 tes
485 4588 549 4652 in
598 4587 763 4652 lecto
796 4587 1131 4667 hominem,
1180 4586 1287 4668 qui
1320 4590 1464 4650 erat
1496 4585 1920 4667 paralyticus;
1970 4591 2034 4650 et
2065 4587 2465 4667 quaerebant
2510 4604 2651 4649 eum
2700 4583 2940 4650 inferre

342 4697 408 4755 et
448 4709 687 4772 ponere
733 4697 880 4756 ante
926 4710 1092 4756 eum.
1148 4692 1245 4757 19.
1292 4690 1379 4755 Et
1423 4708 1546 4754 non
1594 4691 1996 4755 inuenientes
2041 4709 2170 4771 qua
2216 4695 2401 4771 parte
2427 4689 2600 4753 illum
2630 4687 2941 4754 inferrent

342 4814 494 4877 prae
522 4796 727 4877 turba,
753 4797 1179 4862 ascenderunt
1210 4813 1404 4879 supra
1426 4799 1667 4859 tectum
1697 4799 1763 4858 et
1786 4794 2316 4876 discoperuerunt
2338 4799 2578 4859 tectum
2605 4798 2670 4859 et
2687 4796 2943 4863 summi·
