3484 5617
539 490 697 554 104·
1313 476 1676 546 Euangelium
1715 477 2016 532 secundum
2053 477 2354 533 Lucanum.
2948 480 3003 533 C.
3045 474 3127 527 14.

742 693 949 762 XIV.
1018 695 1073 759 1.
1119 691 1209 756 Et
1251 689 1488 756 factum
1535 695 1653 765 est,
1702 693 1776 754 ut
1821 688 2090 755 intrauit
2134 693 2197 756 in
2247 692 2497 758 domum
2555 688 2882 758 cuiusdam
2949 692 3129 773 prin·-

535 800 694 881 cipis
739 800 1229 865 Pharisaeorum
1289 795 1555 860 sabbato
1621 797 2007 862 manducare
2070 816 2318 880 panem,
2382 803 2447 862 et
2512 798 2635 881 ipsi
2697 795 3131 863 obseruabant

534 923 697 970 eum.
746 908 802 970 2.
854 903 939 968 Et
984 920 1132 968 ecce
1177 901 1364 965 homo
1411 899 1802 983 hydropicus
1849 905 1992 966 erat
2034 906 2186 966 ante
2233 901 2431 966 illum.
2502 905 2560 968 3.
2607 902 2695 966 Et
2739 900 3128 983 respondens

532 1009 726 1075 Jesus
793 1010 874 1074 ad
921 1007 1328 1089 legisperitos
1373 1011 1438 1071 et
1483 1006 1902 1072 Pharisaeos:
1938 1057 1953 1071 .
1992 1058 2006 1074 .
2042 1054 2057 1070 .
2120 1005 2187 1071 Si
2247 1008 2400 1072 licet
2456 1007 2719 1072 sabbato
2782 1024 3001 1072 curare
3045 1025 3128 1070 an

536 1112 714 1178 non?
780 1113 843 1179 4.
891 1112 988 1177 Ad
1036 1110 1132 1176 illi
1191 1113 1556 1175 tacuerunt.
1626 1109 1777 1190 Ipse
1824 1129 1977 1176 uero
2023 1110 2490 1194 adprehensum
2543 1130 2709 1195 eum,
2757 1112 3011 1177 sanauit
3053 1129 3128 1176 ac

534 1218 777 1282 dimisit
820 1237 984 1282 eum.
1050 1218 1108 1282 5.
1156 1216 1243 1280 Et
1291 1215 1449 1279 dixit
1510 1214 1587 1278 ad
1637 1214 1819 1280 illos:
1895 1214 2090 1282 Cuius
2138 1222 2421 1281 uestrum
2483 1219 2700 1282 asinus
2746 1223 2858 1282 aut
2903 1216 3017 1282 bos
3062 1216 3129 1280 in

535 1328 796 1404 puteum
844 1323 1080 1387 cadens
1125 1325 1192 1385 et
1236 1339 1359 1385 non
1407 1321 1707 1385 continuo
1756 1320 2034 1385 extrahit
2079 1321 2258 1386 illum
2302 1322 2406 1386 die
2436 1322 2734 1387 sabbati?
2777 1322 2837 1386 6.
2884 1321 2972 1385 Et
3002 1338 3128 1384 non

532 1433 829 1509 poterant
873 1427 952 1490 ad
998 1425 1158 1491 haec
1202 1426 1593 1507 respondere
1640 1424 1754 1489 illi.
1830 1426 1888 1489 7.
1937 1426 2213 1492 Dicebat
2268 1432 2479 1492 autem
2524 1428 2602 1491 ad
2650 1427 2975 1505 inuitatos»,
3035 1427 3128 1490 in-

531 1534 801 1597 tendens
858 1531 1172 1615 quomodo
1220 1531 1456 1611 primos
1504 1530 1792 1595 acubitos
1838 1530 2176 1612 eligebant,
2225 1531 2441 1597 dicens
2491 1531 2568 1595 ad
2615 1532 2793 1598 illos:
2851 1534 2913 1598 8.
2963 1529 3124 1595 Cum

533 1636 845 1703 inuitatus
893 1635 1092 1701 fueris
1158 1636 1236 1700 ab
1296 1635 1530 1715 aliquo,
1594 1635 1720 1698 noli
1789 1635 2189 1701 discumbere
2250 1637 2314 1700 in
2360 1637 2563 1718 primo
2608 1636 2770 1720 loco,
2834 1655 2915 1701 ne
2961 1634 3129 1701 forte

530 1741 905 1807 honoratior
963 1747 1027 1805 te
1089 1741 1173 1805 sit
1233 1743 1519 1817 uocatuS,
1583 1742 1643 1804 9.
1692 1745 1758 1804 et
1822 1740 2055 1818 ueniat,
2120 1741 2228 1820 qui
2289 1744 2356 1804 te
2417 1745 2481 1805 et
2535 1741 2715 1806 illum
2763 1741 3018 1805 uocauit
3061 1746 3127 1805 et

531 1847 703 1912 dicat
727 1846 880 1912 tibi:
929 1846 1013 1910 da
1040 1846 1191 1910 huic
1234 1846 1465 1920 locum,
1493 1848 1558 1907 et
1588 1843 1860 1924 incipies
1893 1863 2032 1909 cum
2073 1845 2304 1909 rubore
2347 1844 2757 1910 nouissimum
2794 1845 3002 1910 locum
3031 1849 3126 1911 te-

531 1970 701 2017 nere.
778 1953 873 2017 10.
923 1951 1047 2017 Sed
1095 1969 1237 2015 cum
1283 1952 1550 2014 uocatus
1598 1946 1817 2032 fueris,
1866 1949 2051 2030 uade,
2111 1950 2410 2015 recumbe
2455 1950 2518 2014 in
2580 1950 2922 2017 nobissimo
2982 1950 3124 2015 loco

530 2062 603 2122 ut
651 2076 790 2122 cum
836 2055 1106 2134 uenerit,
1156 2055 1265 2136 qui
1311 2060 1377 2118 te
1421 2052 1746 2132 inuitauit,
1814 2054 1984 2119 dicat
2027 2054 2180 2120 tibi:
2229 2055 2450 2137 amice,
2483 2056 2759 2120 ascende
2804 2057 3124 2140 superius.

530 2161 708 2226 Tunc
754 2163 880 2227 erit
923 2160 1040 2227 tibi
1062 2160 1273 2242 -gloria
1342 2178 1483 2222 cum
1530 2159 1719 2223 simul
1767 2159 2302 2239 recumbentibus,
2356 2162 2452 2224 11.
2503 2161 2654 2240 quia
2705 2160 2929 2237 omnis,
2976 2161 3127 2242 quia

530 2284 602 2331 se
649 2266 907 2344 exaltat,
955 2263 1411 2336 humiliabitur,
1473 2267 1540 2327 et
1583 2263 1693 2344 qui
1740 2282 1810 2329 se
1857 2264 2174 2344 humiliat,
2221 2263 2623 2329 exaltabitur.
2700 2267 2796 2330 12.
2860 2265 3129 2330 Dicebat

536 2378 748 2438 autem
775 2373 853 2437 ad
882 2371 1249 2436 inuitatori:
1285 2368 1445 2434 Cum
1477 2367 1640 2433 facis
1671 2370 2004 2451 prandium
2032 2376 2143 2434 aut
2169 2389 2407 2449 cenam,
2436 2370 2563 2435 noli
2591 2370 2863 2435 inuitare
2887 2370 3124 2436 amicos

531 2483 675 2542 tuos
720 2493 928 2557 neque
959 2475 1211 2553 fratres,
1273 2492 1480 2555 neque
1529 2478 1852 2556 cognatos,
1915 2492 2122 2555 neque
2167 2475 2434 2554 uicinos,
2483 2493 2688 2556 neque
2736 2474 2993 2551 diuiteS,
3040 2494 3121 2539 ne

527 2581 692 2648 forte
752 2587 817 2646 et
876 2581 1002 2662 ipsi
1056 2585 1123 2644 te
1173 2577 1526 2644 reinuitent
1584 2584 1649 2643 et
1695 2580 1820 2642 erit
1864 2578 1981 2644 tibi
2029 2580 2403 2659 retributi03
2475 2582 2572 2645 13.
2621 2580 2734 2645 sed
2782 2598 2922 2645 cum
2966 2579 3122 2644 facis

529 2687 910 2760 conuiuium,
959 2703 1120 2750 uoca
1165 2702 1502 2766 pauperes,
1552 2682 1816 2763 debiles,
1866 2684 2104 2763 clodoS‚
2152 2702 2396 2765 eaecoS,
2450 2686 2545 2750 14.
2593 2690 2661 2749 et
2706 2687 2928 2751 beatus
2973 2685 3121 2760 eriS,

528 2791 699 2874 quod
744 2810 871 2856 non
918 2789 1155 2854 habent
1187 2789 1546 2853 retribuere
1587 2788 1741 2868 tibi3
1791 2789 2183 2854 retribuetur
2214 2789 2382 2853 enim
2413 2789 2528 2854 tibi
2563 2790 2624 2852 in
2657 2788 3123 2855 resurrectione

526 2899 859 2962 iustorum.
934 2897 1033 2962 15.
1082 2894 1261 2958 Haec
1307 2911 1447 2958 cum
1494 2893 1828 2957 audissent
1883 2896 2141 2974 quidam
2190 2895 2269 2959 de
2314 2895 2504 2960 simul
2559 2894 3119 2972 discumbentibuS,

528 3003 825 3067 dixerunt
871 2998 999 3066 illi:
1064 3000 1305 3065 Beatus
1366 3000 1472 3081 qui
1532 2999 1947 3064 manducabit
2009 3019 2236 3080 panem
2299 3001 2366 3065 in
2411 3018 2606 3081 regno
2668 2998 2791 3063 dei.
2870 3000 2966 3065 16.
3016 2999 3116 3063 Ad

525 3108 665 3189 ipse
713 3106 907 3170 dixit:
958 3105 1162 3170 Homo
1209 3104 1462 3185 quidam
1509 3102 1664 3168 fecit
1709 3123 1931 3169 cenam
1977 3123 2272 3186 magnam
2316 3110 2382 3169 et
2426 3104 2682 3169 uocauit
2716 3104 2967 3186 multOS,
3019 3107 3118 3170 17.

526 3217 593 3276 et
635 3211 810 3274 misit
856 3227 1117 3274 seruum
1178 3227 1362 3272 suum
1429 3207 1586 3273 hora
1646 3226 1866 3291 cenae,
1913 3214 1985 3273 ut
2047 3209 2289 3273 diceret
2330 3210 2653 3291 inuitatis:
2704 3209 2939 3284 uenite,
2994 3208 3117 3272 iam

527 3319 818 3396 paratum
860 3310 983 3378 est.
1038 3315 1136 3379 18.
1183 3312 1270 3376 Et
1303 3316 1652 3394 coeperunt
1685 3313 1871 3376 simul
1906 3331 2124 3380 omnes
2156 3330 2459 3379 excusare
2490 3331 2593 3379 se:
2642 3313 2883 3395 primus
2916 3313 3077 3378 dixit
3104 3337 3118 3376 :

524 3418 761 3483 Uillam
809 3418 952 3501 emi,
1000 3421 1066 3481 et
1121 3434 1385 3481 necesse
1430 3416 1634 3480 habeo
1683 3417 1858 3481 exire
1891 3424 1954 3481 et
1988 3418 2205 3481 uidere
2253 3418 2446 3494 illam,
2496 3439 2651 3502 rogo
2684 3423 2769 3496 te,
2819 3419 2981 3484 habe
3015 3438 3115 3484 me

526 3522 1070 3590 excusatum.‚19.
1119 3520 1206 3585 Et
1249 3521 1414 3586 alter
1461 3521 1656 3587 dixit:
1707 3522 1856 3603 iuga
1878 3522 2065 3586 boum
2132 3524 2254 3588 emi
2290 3525 2596 3605 quinque,
2643 3529 2709 3589 et
2740 3542 2814 3588 eo
2848 3524 3120 3606 probare

526 3628 654 3706 illa,
704 3632 769 3693 et
839 3628 1143 3697 deueuire
1210 3645 1336 3692 non
1390 3644 1669 3708 possum.
1735 3628 1838 3690 20.
1888 3627 1974 3691 Et
2032 3627 2196 3692 alius
2257 3629 2456 3694 dixit:
2519 3648 2779 3697 uxorem
2843 3629 2993 3693 duxi
3055 3633 3122 3692 et

527 3752 653 3799 non
702 3751 959 3814 possum
1017 3731 1254 3799 uenire.
1325 3734 1426 3797 21.
1474 3732 1562 3795 Et
1606 3748 1908 3797 reuersus
1971 3751 2217 3816 seruus,
2283 3734 2606 3798 nuntiauit
2667 3734 2917 3800 domino
2979 3752 3116 3799 suo.

526 3837 702 3902 Tunc
748 3838 951 3905 iratus
995 3834 1462 3918 paterfamilias
1512 3836 1672 3901 dixit
1718 3856 1905 3903 seruo
1951 3856 2098 3902 suo:
2148 3838 2272 3902 Exi
2321 3839 2447 3903 cito
2479 3839 2545 3902 in
2588 3839 2821 3919 plateis
2853 3842 2919 3903 et
2948 3840 3113 3905 uicis

526 3943 845 4024 ciuitatis:
908 3946 975 4006 et
1018 3960 1333 4023 pauperes
1394 3960 1467 4005 ac
1531 3941 1774 4006 debiles
1835 3946 1904 4005 et
1964 3960 2186 4007 caecos
2250 3947 2316 4008 et
2360 3943 2577 4008 clodos
2631 3943 2926 4008 introduc
2970 3944 3114 4011 huc.

525 4048 627 4111 22.
693 4044 776 4108 Et
835 4047 925 4111 ait
988 4064 1248 4112 seruus:
1323 4045 1587 4111 Factum
1648 4051 1749 4111 est
1814 4047 2081 4130 domine,
2145 4048 2311 4112 sicut
2369 4049 2721 4131 imperasti,
2788 4053 2853 4112 et
2903 4049 3115 4114 adhuc

522 4150 700 4215 locus
747 4154 864 4215 est.
939 4151 1041 4214 23.
1091 4150 1180 4215 Et
1224 4151 1316 4213 ait
1360 4150 1653 4215 dominus
1698 4169 1889 4216 seruo
1935 4171 2078 4217 suo:
2148 4151 2266 4217 Exi
2317 4153 2380 4216 in
2427 4152 2533 4218 uia
2580 4160 2645 4218 et
2692 4157 2861 4220 circa
2906 4174 3114 4240 sepes,

523 4265 590 4320 et
635 4254 945 4335 compelle
991 4255 1251 4333 intrent,
1300 4259 1372 4318 ut
1416 4254 1758 4336 impleatur
1803 4256 2028 4321 domus
2074 4274 2234 4322 mea.
2286 4258 2387 4321 24.
2437 4258 2595 4322 Dico
2642 4267 2855 4323 autem
2904 4261 3111 4341 uobiS,

523 4360 694 4441 quod
740 4378 922 4423 nemo
969 4360 1254 4423 uirorum
1300 4359 1570 4439 illorum,
1619 4362 1729 4442 qui
1777 4363 1988 4428 uocati
2036 4369 2203 4435 sunt,
2238 4361 2588 4442 gustabunt
2633 4381 2856 4428 cenam
2886 4381 3108 4428 meam.

522 4465 625 4528 25.
673 4461 862 4528 Ibant
909 4469 1120 4529 autem
1169 4483 1310 4528 cum
1357 4464 1466 4529 illo
1512 4465 1739 4530 turbae
1788 4474 1853 4532 et
1913 4486 2257 4533 conuersus
2314 4467 2476 4531 dixit
2522 4468 2600 4532 ad
2652 4468 2831 4534 illos:
2896 4471 2996 4535 26.
3045 4467 3112 4533 Si

521 4568 664 4648 quis
707 4569 888 4632 uenit
935 4567 1015 4631 ad
1060 4586 1161 4631 me
1208 4572 1275 4633 et
1317 4587 1447 4633 non
1495 4570 1629 4634 odit
1675 4576 1919 4651 patrem
1967 4590 2147 4636 suum
2195 4577 2261 4636 et
2311 4578 2578 4638 matrem
2627 4578 2693 4637 et
2736 4592 2997 4639 uxorem
3047 4578 3111 4639 et

519 4669 686 4738 filios
731 4675 798 4736 et
839 4672 1074 4737 fratres
1121 4677 1187 4738 et
1230 4691 1482 4740 sorores
1543 4676 1731 4740 etiam
1795 4682 1862 4741 et
1908 4677 2178 4741 animam
2227 4695 2427 4756 suam,
2495 4696 2619 4742 non
2665 4681 2880 4760 potest
2924 4697 3105 4745 meus

519 4775 873 4864 discipulus
916 4797 1078 4846 esse.
1171 4779 1271 4845 27.
1320 4779 1407 4848 Et
1452 4781 1560 4864 qui
1625 4799 1751 4847 non
1796 4782 2042 4867 bajulat
2088 4800 2338 4847 crucem
2406 4801 2581 4851 suam
2630 4789 2697 4850 et
2741 4783 2920 4850 uenit
2968 4790 3114 4870 post
