3484 5617
506 497 588 561 14
1240 486 1601 556 Euangelium
1639 489 1939 543 secundum
1976 488 2333 543 Matthaeum.
2921 491 2976 546 C.
3017 495 3099 544 11.

498 705 707 770 mibus
754 722 978 787 regum
1026 709 1194 774 sunt.
1287 706 1345 770 9.
1417 703 1542 769 Sed
1612 702 1762 785 quid
1827 701 2051 768 existis
2098 701 2371 766 uidere?
2417 702 2847 785 prophetam?
2941 703 3097 768 Dico

493 811 677 876 uobis
723 811 916 876 etiam
960 811 1106 894 plus
1146 828 1334 890 quam
1382 809 1775 891 prophetam.
1832 809 1928 873 10.
1977 805 2102 871 Hic
2150 812 2250 873 est
2294 806 2376 872 de
2424 825 2549 888 quo
2597 809 2907 889 scriptum
2952 813 3088 873 est:

492 916 663 980 Ecce
708 932 826 997 ego
872 914 1057 982 mitto
1103 915 1394 997 angelum
1442 933 1647 980 meum
1694 917 1844 979 ante
1908 912 2136 978 faciem
2207 918 2379 977 tuam
2449 916 2515 977 et
2583 914 2842 994 parauit
2934 913 3097 977 uiam

499 1026 671 1085 tuam
719 1023 866 1085 ante
914 1020 996 1086 te.
1047 1023 1147 1085 11.
1196 1021 1398 1084 Amen
1448 1018 1590 1085 dico
1639 1018 1855 1084 uobis:
1929 1037 2055 1083 non
2104 1016 2382 1083 surrexit
2427 1017 2600 1083 inter
2647 1023 2831 1083 natos
2876 1018 3095 1085 mulie-

505 1144 642 1190 rum
688 1125 1001 1207 propheta
1045 1125 1251 1190 maior
1296 1123 1587 1190 Johanne
1634 1122 1963 1205 Baptista3
2013 1123 2121 1204 qui
2166 1127 2380 1187 autem
2426 1124 2631 1189 minor
2678 1125 2871 1190 estin
2906 1142 3097 1206 regno

504 1230 840 1305 caelorum,
888 1228 1090 1298 maior
1120 1230 1257 1296 eius
1291 1233 1406 1295 est.
1461 1230 1552 1293 12.
1592 1230 1644 1295 Α
1670 1228 1898 1293 diebus
1930 1232 2142 1293 autem
2176 1226 2216 1292 J
2223 1227 2490 1293 ohannis
2531 1229 2862 1312 Baptistae
2893 1247 3099 1310 usque

499 1354 668 1401 nunc
705 1353 966 1417 regnum
1001 1336 1313 1400 caelorum
1362 1334 1631 1417 cogitur,
1679 1339 1745 1399 et
1793 1335 2092 1417 cogentes
2138 1331 2455 1415 diripiunt
2493 1333 2672 1399 illud.
2726 1336 2822 1401 13.
2857 1333 3098 1400 Omnes

505 1440 672 1504 enim
721 1439 1032 1523 propheta
1077 1446 1141 1506 et
1187 1441 1290 1505 lex
1337 1459 1537 1522 usque
1585 1439 1664 1503 ad
1711 1438 2066 1504 Johannem
2113 1436 2700 1521 prophetauerunt3
2786 1439 2881 1507 14.
2933 1443 2998 1503 et
3041 1441 3096 1505 si

503 1544 700 1609 uultis
748 1546 946 1611 scire:
995 1546 1133 1628 ipse
1182 1551 1280 1612 est
1328 1544 1546 1610 Helias
1595 1544 1704 1625 qui
1752 1548 2062 1609 uenturus
2112 1548 2228 1607 est.
2327 1543 2423 1609 15.
2476 1543 2599 1621 Qui
2647 1544 2842 1611 habet
2908 1562 3097 1610 aures

498 1649 796 1715 audiendi
843 1650 1084 1717 audiat.
1138 1653 1238 1716 16.
1290 1648 1410 1714 Cui
1457 1651 1670 1713 autem
1703 1647 1910 1712 simile
1947 1647 2297 1713 aestimabo
2331 1650 2813 1728 generationem
2860 1650 3097 1717 istam?

497 1754 725 1821 similis
784 1760 883 1822 est
928 1757 1148 1837 pueris
1195 1754 1573 1820 sedentibus
1619 1754 1683 1818 iu
1731 1753 1871 1818 foro
1919 1757 1983 1818 et
2030 1753 2450 1819 clamantibus
2516 1754 2595 1819 ad
2661 1755 2936 1819 inuicem
3004 1756 3096 1821 di-

497 1865 748 1925 centes:
824 1863 922 1926 17.
973 1858 1387 1926 Cantabimus
1433 1861 1636 1940 uobiS‚
1707 1864 1773 1924 et
1819 1878 1941 1925 non
1986 1857 2294 1938 saltastis,
2341 1858 2831 1926 lamentauimus
2885 1860 3090 1940 uobiS,

499 1969 563 2029 et
607 1984 732 2029 non
780 1963 1138 2049 planxistis,
1212 1968 1310 2032 18.
1361 1965 1559 2032 Uenit
1601 1966 1767 2031 enim
1816 1964 2144 2031 Johannes
2209 1983 2413 2046 neque
2460 1967 2850 2030 manducans
2893 1984 3096 2047 neque

503 2068 723 2135 bibens
769 2077 836 2135 et
881 2070 1129 2136 dicunt:
1203 2072 1602 2136 daemonium
1667 2070 1881 2136 habet.
1957 2071 2055 2135 19.
2128 2067 2329 2135 Uenit
2393 2067 2561 2136 filius
2607 2069 2883 2136 hominis
2930 2089 3097 2136 man-

501 2177 743 2242 ducans
791 2181 856 2244 et
900 2176 1145 2257 bibens,
1192 2181 1259 2242 et
1301 2178 1559 2243 dicunt:
1610 2195 1759 2242 ecce
1805 2176 1990 2241 homo
2039 2194 2240 2241 uorax
2287 2180 2352 2240 et
2396 2179 2671 2258 potator,
2719 2175 3092 2257 publicano·

498 2300 638 2347 rum
685 2287 751 2346 et
795 2285 1199 2368 peccatorum
1248 2283 1508 2348 amicus.
1603 2284 1704 2348 20.
1755 2282 1930 2346 Tunc
1978 2281 2190 2363 coepit
2237 2280 2670 2365 improperare
2720 2280 3097 2347 ciuitatibus

500 2387 564 2451 in
610 2386 841 2468 quibus
887 2386 1097 2452 factae
1143 2392 1292 2453 sunt
1334 2388 1647 2470 plurimae
1694 2387 1967 2452 uirtutes
2015 2386 2174 2469 eiuS‚
2205 2386 2376 2467 quod
2424 2401 2546 2449 non
2582 2387 2829 2468 egerint
2875 2388 3098 2469 paeni-

502 2491 792 2557 tentiam.
863 2496 965 2560 21.
1017 2489 1153 2559 Uae
1201 2493 1315 2559 tibi
1367 2491 1677 2560 Corozain
1723 2496 1790 2558 et
1836 2491 2160 2569 Betsaida‚
2223 2491 2377 2573 quia
2422 2490 2477 2556 si
2527 2490 2593 2553 in
2653 2489 2819 2573 Tyro
2876 2495 2943 2557 et
3003 2492 3099 2557 Si-

501 2596 667 2661 done
711 2597 917 2663 faclae
963 2602 1179 2664 essent
1223 2596 1518 2676 uirtutes,
1569 2616 1731 2678 quae
1793 2594 2002 2661 factae
2044 2600 2197 2660 sunt
2239 2594 2302 2659 in
2351 2593 2556 2674 uobiS,
2605 2594 2753 2659 olim
2794 2595 2857 2658 in
2891 2595 3097 2661 cilicio

499 2707 565 2766 et
609 2703 822 2768 cinere
869 2703 1325 2785 paenitentiam
1375 2703 1673 2784 egissent.
1726 2703 1827 2766 22.
1878 2698 2333 2765 Uerumtamen
2384 2701 2524 2765 dico
2571 2699 2790 2765 uobis:
2837 2701 3002 2783 Tyro
3035 2703 3101 2764 et

501 2806 732 2890 Sydoni
761 2807 1161 2874 tolerabilius
1207 2806 1330 2870 erit
1375 2805 1438 2871 in
1488 2805 1593 2872 die
1639 2805 1864 2871 iudicii
1911 2824 2099 2888 quam
2151 2806 2350 2870 uobis,
2400 2807 2500 2871 23.
2570 2805 2657 2870 Et
2699 2810 2769 2869 tu
2821 2803 3099 2886 Caphar-

497 2932 705 2992 naum,
752 2914 1062 2994 numquid
1110 2931 1309 2995 usque
1355 2913 1436 2977 ad
1485 2913 1731 2978 caelum
1779 2911 2213 2977 exaltaberis?
2266 2916 2377 2976 aut
2425 2928 2626 2993 usque
2672 2912 2737 2975 in
2782 2910 3098 2976 infernum

504 3017 843 3084 discendis
911 3018 1076 3095 Quia
1122 3016 1176 3081 si
1223 3018 1288 3081 in
1334 3016 1628 3083 Sodomis
1672 3015 1879 3083 factae
1941 3015 2213 3081 fuissent
2258 3017 2390 3098 (hic
2436 3016 2693 3081 fuerunt
2739 3015 2975 3081 omissa
3019 3018 3099 3081 ab

502 3122 858 3204 antiquario
905 3122 1138 3187 uerba:
1190 3122 1482 3204 uirtuteS,
1532 3140 1693 3204 quae
1754 3120 1961 3186 factae
2021 3123 2194 3203 sunt)
2243 3121 2306 3183 in
2366 3125 2433 3185 te
2494 3121 2659 3187 forte
2718 3121 3100 3187 mansissent

500 3245 703 3308 usque
747 3228 813 3296 in
857 3227 1232 3292 hodiernum
1280 3225 1467 3291 diem.
1561 3229 1667 3292 24.
1729 3226 1932 3289 Amen
1996 3226 2136 3289 dico
2185 3224 2370 3290 uobis
2439 3225 2589 3307 quia
2633 3231 2852 3292 terrae
2901 3226 3097 3293 Sodo-

499 3349 742 3396 morum
786 3332 1119 3398 remissius
1186 3333 1312 3397 erit
1355 3334 1420 3397 in
1467 3331 1571 3397 die
1617 3330 1839 3396 iudicii
1898 3348 2084 3412 quam
2132 3331 2333 3396 uobis.
2381 3331 2487 3396 25.
2537 3331 2609 3395 In
2666 3330 2778 3396 illo
2810 3337 3101 3413 tempore

502 3437 895 3519 respondens
940 3437 1133 3504 Jesus
1181 3436 1375 3502 dixit:
1473 3435 1793 3502 Confiteor
1853 3435 1991 3519 tibi,
2052 3441 2259 3520 pater,
2307 3436 2559 3501 domine
2621 3435 2781 3502 deus
2828 3437 2989 3502 caeli
3035 3441 3102 3503 et

497 3545 726 3622 terrae,
776 3542 926 3626 quia
960 3542 1350 3607 abscondisti
1397 3542 1557 3607 haec
1589 3560 1626 3606 a
1658 3541 2055 3624 sapientibus
2101 3547 2165 3607 et
2210 3541 2651 3624 prudentibus,
2686 3546 2752 3607 et
2782 3543 3093 3609 reuelasti

497 3665 574 3714 ea
621 3646 920 3729 paruolis.
970 3649 1073 3715 26.
1119 3649 1220 3715 Ita
1265 3652 1470 3730 pater,
1518 3649 1816 3730 quoniam
1848 3648 1940 3712 sic
1971 3648 2094 3712 fuit
2140 3646 2609 3729 beneplacitum
2658 3652 2810 3714 ante
2840 3652 2923 3713 te.
2986 3650 3087 3713 27.

504 3752 735 3820 Omnia
780 3752 930 3820 mihi
979 3754 1220 3819 tradita
1264 3757 1416 3819 sunt
1465 3772 1503 3817 a
1546 3758 1736 3836 patre
1797 3771 1955 3818 meo,
2046 3752 2134 3817 Et
2207 3771 2390 3818 nemo
2459 3753 2644 3817 nouit
2699 3750 2909 3817 -iilium
2975 3753 3100 3818 nisi

501 3863 703 3942 pater,
753 3876 959 3940 neque
1005 3863 1252 3941 patrem
1294 3859 1436 3939 quis
1468 3858 1668 3941 nouit,
1717 3857 1840 3923 nisi
1889 3855 2077 3937 filius,
2126 3861 2193 3922 et
2223 3858 2324 3923 cui
2372 3857 2650 3924 uoluerit
2696 3856 2865 3924 filius
2910 3877 3093 3923 reue-

511 3965 662 4030 lare.
711 3965 813 4031 28.
879 3962 1112 4030 Uenite
1160 3965 1242 4029 ad
1286 3983 1384 4028 me
1448 3981 1664 4029 omnes
1710 3965 1819 4046 qui
1880 3962 2189 4029 laboratis
2236 3967 2301 4027 et
2346 3961 2588 4027 onerati
2636 3962 2811 4041 estis
2875 3965 2940 4027 et
2984 3980 3099 4044 ego

502 4069 781 4136 reficiam
830 4088 962 4136 uos.
1013 4071 1117 4136 29.
1164 4070 1397 4136 Tollite
1443 4071 1662 4150 iugum
1709 4088 1916 4134 meum
1964 4088 2160 4149 super
2206 4087 2339 4147 uos,
2368 4073 2436 4134 et
2480 4067 2709 4133 discite
2742 4088 2778 4132 a
2809 4085 2907 4131 me
2948 4067 3100 4149 quia

500 4177 672 4244 mitis
718 4195 857 4244 sum
906 4180 970 4242 et
1016 4175 1275 4240 humilis
1323 4175 1532 4254 corde,
1580 4178 1645 4241 et
1689 4173 2033 4239 inuenietis
2081 4174 2363 4255 requiem
2410 4174 2638 4240 animis
2686 4173 2942 4240 uestris,
2990 4173 3096 4239 30.

500 4283 725 4364 Iugum
777 4282 944 4352 enim
994 4300 1199 4346 meum
1249 4280 1447 4346 suabe
1498 4285 1616 4361 est,
1668 4286 1734 4346 et
1778 4279 1983 4344 honus
2031 4297 2236 4343 meum
2284 4280 2427 4344 leue
2476 4283 2591 4344 est.

692 4491 860 4562 XII.
921 4493 996 4557 In
1044 4492 1154 4556 illo
1215 4495 1501 4571 tempore
1563 4490 1722 4554 abiit
1782 4489 1974 4556 Jesus
2019 4508 2136 4571 per
2182 4494 2435 4571 segetes
2503 4488 2824 4566 sabbatis3
2894 4486 3091 4552 disci-

496 4601 629 4686 puli
691 4603 902 4665 autem
967 4599 1103 4662 eius
1170 4596 1529 4662 esurientes
1593 4600 1941 4677 coeperunt
1990 4594 2227 4660 uellere
2286 4594 2498 4677 spicas
2559 4599 2623 4658 et
2685 4593 3095 4658 manducare.

498 4703 829 4770 Pharisaei
876 4706 1085 4766 autem
1134 4701 1428 4766 uidentes
1473 4699 1618 4766 illos
1666 4701 1967 4765 dixerunt
2013 4701 2107 4765 ei:
2177 4717 2324 4763 ecce
2373 4698 2669 4782 discipuli
2712 4700 2809 4763 tui
2856 4698 3104 4763 faciunt

501 4807 670 4889 quod
718 4806 1040 4872 nonlicet
1084 4804 1177 4871 eis
1222 4803 1435 4870 facere
1482 4804 1784 4874 sabbatis,
1832 4806 1893 4870 3.
1942 4803 2041 4869 Ad
2090 4803 2228 4885 ipse
2277 4802 2452 4869 dixit'
2481 4803 2609 4869 eis:
2659 4801 2798 4868 Non
2847 4802 3096 4883 legistis
