3484 5617
467 490 552 555 90
946 510 953 516 ·
1223 487 1587 556 Euangelium
1625 491 1926 541 secundum
1968 486 2271 542 Lucanum.
2920 486 2987 539 C.
3031 489 3061 537 7

458 698 870 781 praeparauit
931 698 1098 763 uiam
1165 702 1337 762 tuam
1402 703 1547 763 ante
1593 702 1677 763 te.
1753 700 1853 763 28.
1902 698 2062 761 Dico
2110 702 2319 762 autem
2367 698 2580 762 uobis:
2646 693 2851 762 Maior
2895 699 3064 762 inter

456 806 640 867 natos
694 803 1033 866 mulierum
1095 801 1386 866 Johanne
1450 802 1747 881 Baptista
1810 821 1992 867 nemo
2039 806 2155 866 est.
2229 801 2393 865 Nam
2440 801 2549 882 qui
2593 802 2806 866 minor
2851 809 2951 865 est
2994 802 3060 865 in

456 924 651 987 regno
701 907 824 985 dei,
874 907 1076 971 maior
1125 911 1225 970 est
1269 906 1397 969 1110.
1446 908 1548 972 29.
1597 906 1683 970 Ε1
1729 907 1936 972 omnis
1975 907 2250 989 populus
2296 906 2586 981 audien&
2626 913 2693 971 et
2741 906 3059 986 publicani

508 1058 519 1070 .
559 1063 570 1075 .
620 1016 896 1075 auerunt
943 1011 1129 1075 deum
1177 1010 1483 1093 baptizati
1529 1011 1914 1091 baptismum
1949 1010 2281 1076 ‚Iohannis
2332 1013 2436 1077 30.
2484 1010 2815 1086 Pharisaei
2847 1016 3061 1076 autem

457 1121 522 1180 et
567 1115 925 1197 legisperiti
973 1114 1305 1180 consilium
1371 1116 1474 1179 dei
1520 1120 1949 1196 spraeuerunt
1993 1117 2056 1179 in
2104 1118 2484 1197 semetipsos
2554 1133 2681 1178 non
2728 1115 3058 1194 baptizati.

459 1223 559 1286 31.
615 1219 732 1285 Cui
780 1220 1018 1286 similes
1067 1220 1270 1283 dicam
1321 1238 1474 1300 ergo
1517 1218 1823 1284 ‘homines
1868 1220 2057 1284 huius
2104 1219 2583 1298 generationis?
2653 1222 2753 1285 32.
2820 1217 3060 1283 similes

459 1329 608 1389 sunt
658 1325 872 1404 pueris
918 1324 1218 1388 sedentes
1264 1325 1330 1387 in
1369 1322 1508 1387 foro
1539 1327 1607 1386 et
1638 1323 1969 1404 loquentes
2017 1324 2097 1387 ad
2144 1324 2417 1387 inuicem
2453 1324 2773 1388 dicentes:
2824 1322 3055 1388 Canta-

464 1429 672 1494 uimus
719 1428 901 1494 uobis
948 1431 1014 1492 et
1058 1447 1187 1492 non
1241 1427 1561 1500 saltastis;
1633 1426 2117 1504 lamentauimus
2178 1428 2382 1503 uobiS,
2443 1433 2507 1492 et
2568 1447 2694 1492 11011
2741 1426 3058 1510 plorastis,

461 1536 563 1599 33.
615 1532 813 1597 Uenit
860 1533 1024 1596 enim
1073 1532 1402 1596 ‚Iohannes
1453 1532 1761 1613 Baptista,
1829 1550 2037 1612 neque
2085 1534 2495 1610 manducans,
2542 1550 2751 1613 neque
2796 1532 3059 1609 bibeus;

461 1643 528 1702 et
576 1638 825 1702 dicitis:
873 1637 1276 1701 daemonium
1327 1637 1539 1701 habet.
1610 1637 1710 1700 34.
1783 1635 1982 1701 Uenit
2025 1635 2192 1702 filius
2241 1637 2511 1702 bominis
2559 1637 2949 1701 manducans
2995 1641 3062 1700 et

461 1742 705 1820 bibens,
740 1747 805 1807 et
852 1742 1096 1806 dicitis:
1147 1742 1316 1806 Ecce
1347 1740 1533 1805 homo
1567 1742 1908 1805 deuorator
1939 1747 2005 1806 et
2037 1741 2259 1807 bibens
2293 1743 2530 1819 uinum,
2580 1741 3059 1824 publicanorum

465 1852 532 1910 et
582 1853 981 1927 peccatorum
1045 1848 1303 1911 amicus.
1375 1848 1476 1913 35.
1540 1846 1628 1910 Et
1681 1843 2023 1912 iustificata
2082 1853 2181 1912 est
2256 1847 2573 1928 sapientia
2631 1844 2710 1909 ab
2772 1845 3062 1910 omnibus

463 1950 613 2015 filiis
661 1953 813 2015 suis.
863 1953 964 2016 36.
1014 1951 1288 2032 Rogauit
1319 1958 1536 2016 autem
1584 1952 1760 2016 illum
1804 1952 2058 2033 quidam
2106 1952 2511 2028 PharisaeuS,
2554 1956 2622 2015 ut
2654 1952 3060 2015 manducaret

464 2074 604 2119 cum
641 2108 651 2118 .
689 2105 701 2119 .
737 2109 751 2122 .
802 2055 886 2119 Et
934 2057 1112 2137 ingre
1152 2108 1166 2122 .
1205 2105 1217 2118 .
1253 2109 1265 2122 .
1319 2058 1571 2121 domum
1620 2057 1955 2121 Pharisaei
2002 2056 2306 2122 dicubuit.
2370 2060 2471 2124 37.
2520 2056 2608 2120 Et
2650 2074 2800 2120 ecce
2833 2053 3058 2119 mulier

465 2160 528 2222 in
577 2160 862 2238 ciuitate,
911 2178 1074 2240 quae
1122 2165 1267 2225 erat
1312 2161 1651 2240 peccatrix,
1719 2168 1792 2223 ut
1839 2161 2157 2244 cognouit,
2216 2161 2382 2240 quod
2429 2160 2721 2225 recubuit
2765 2161 2832 2224 in
2878 2161 3061 2224 domo

465 2263 810 2346 Pharisaei,
846 2265 1064 2328 attulit
1107 2263 1496 2328 alabastrum
1548 2265 1873 2345 unguenti,
1924 2265 2027 2330 38.
2077 2270 2141 2328 et
2187 2270 2365 2330 stans
2411 2270 2583 2329 retro
2628 2283 2817 2329 secus
2864 2264 3059 2344 pedes

463 2367 602 2432 eius
661 2368 959 2451 lacrymis
1025 2369 1275 2449 rigabat
1344 2370 1589 2450 pedes,
1631 2421 1694 2434 ..
1744 2376 1812 2433 et
1873 2370 2124 2451 capillis
2192 2369 2422 2451 capitis
2484 2370 2583 2434 sui
2644 2369 2938 2450 tergebat
2997 2375 3061 2432 et

464 2472 877 2538 osculabatur
925 2474 1118 2555 pedes
1167 2474 1304 2539 eius
1352 2479 1417 2538 et
1445 2474 1770 2555 unguebat
1817 2479 2162 2554 unguento.
2211 2475 2315 2539 39.
2365 2473 2612 2538 Uidens
2651 2480 2860 2537 autem
2897 2472 3055 2537 Pha-

463 2578 707 2641 risaeus
739 2579 849 2660 qui
880 2591 1228 2643 uocauerat
1259 2596 1426 2659 eum,
1474 2581 1567 2643 ait
1612 2580 1779 2644 intra
1812 2597 1883 2644 se
1931 2580 2184 2644 diceus:
2240 2578 2364 2643 Hic
2410 2579 2465 2643 si
2508 2583 2683 2643 esset
2727 2578 3058 2659 propheta,

461 2684 659 2747 sciret
702 2685 940 2766 utique,
983 2702 1147 2764 quae
1195 2689 1260 2748 et
1307 2684 1517 2764 qualis
1563 2684 1791 2748 mulier
1837 2688 1956 2764 est,
2019 2702 2180 2765 quae
2240 2684 2447 2765 tangit
2492 2702 2662 2761 eum,
2724 2682 2871 2763 quia
2917 2700 3059 2762 pec-

461 2789 667 2852 catrix
712 2792 830 2853 est.
879 2790 982 2854 40.
1031 2789 1117 2853 Ε1
1161 2788 1555 2870 respondens
1601 2788 1795 2853 Jesus
1831 2789 1992 2853 dixit
2024 2790 2103 2853 ad
2150 2787 2365 2851 illum:
2411 2787 2644 2861 Simon,
2692 2786 2895 2850 habeo
2944 2786 3057 2849 tibi

461 2892 703 2974 aliquid
750 2893 981 2958 dicere.
1031 2893 1130 2957 Ad
1161 2892 1270 2957 ille
1317 2894 1438 2959 ait:
1488 2893 1821 2975 Magister,
1870 2895 1990 2958 dic.
2043 2894 2218 2958 Dixit
2251 2911 2401 2973 ergo
2438 2892 2664 2956 Jesus:
2713 2893 2816 2955 41.
2858 2890 3063 2954 Erant

463 2997 586 3061 duo
619 2998 942 3063 debitores
968 2997 1213 3063 cuidam
1262 2996 1682 3075 faeneratori3
1732 3017 1894 3063 uuus
1939 2999 2212 3063 debebat
2271 2997 2569 3061 denarios
2631 2996 2709 3074 D,
2773 2994 2940 3059 alius
2988 2994 3058 3057 L.

463 3103 565 3165 42.
601 3102 742 3166 Non
771 3102 1155 3168 habentibus
1186 3107 1400 3166 autem
1433 3102 1578 3185 illis,
1609 3104 1776 3167 unde
1807 3104 2168 3185 redderent,
2220 3104 2484 3167 donauit
2529 3103 2840 3182 utrisque.
2903 3100 3063 3178 Quis

465 3223 618 3285 ergo
650 3225 793 3270 eum
820 3206 962 3287 plus
990 3206 1262 3271 dilexit?
1293 3209 1395 3272 43.
1422 3207 1841 3288 Respondens
1866 3205 2077 3271 Simon
2107 3208 2303 3271 dixit:
2353 3207 2660 3288 Aestimo‚
2686 3205 2835 3285 quia
2859 3205 2933 3282 is,
2960 3205 3063 3268 cui

462 3310 605 3389 plus
656 3309 938 3374 donauit.
1002 3311 1101 3374 Ad
1146 3311 1254 3375 ille
1304 3312 1466 3375 dixit
1511 3312 1598 3375 ei:
1638 3311 1872 3375 .Recte
1920 3312 2233 3375 iudicasti.
2302 3312 2405 3374 44.
2455 3310 2542 3374 Et
2589 3327 2934 3376 conuersus
2980 3309 3063 3372 ad

464 3415 813 3491 mulierem,
879 3414 1039 3479 dixit
1078 3413 1349 3480 Simoni:
1425 3415 1624 3479 Uides
1688 3415 1847 3480 hauc
1909 3415 2289 3479 mulierem?
2357 3415 2607 3480 Intraui
2666 3415 2734 3478 in
2807 3414 3060 3478 domum

463 3524 657 3598 tuam,
723 3538 996 3600 aquam.
1034 3569 1094 3583 ..
1147 3519 1330 3584 dibus
1377 3519 1534 3583 mihi
1598 3537 1721 3584 non
1771 3520 2038 3599 dedisti,
2106 3519 2266 3583 haec
2313 3524 2524 3584 autem
2587 3517 2882 3601 lacrymis
2927 3518 3061 3583 suis

463 3624 702 3703 rigauit
748 3625 942 3706 pedes
987 3642 1164 3690 meos
1210 3629 1276 3688 et
1323 3623 1572 3705 capillis
1620 3626 1753 3690 suis
1799 3626 2011 3689 tersit.
2068 3628 2169 3691 45.
2221 3621 2529 3689 Osculum
2576 3624 2735 3689 mibi
2779 3641 2906 3686 non
2955 3622 3062 3686 de-

465 3729 652 3805 disti3
700 3729 860 3794 haec
907 3734 1120 3794 autem
1170 3748 1248 3794 ex
1293 3749 1417 3811 quo
1465 3729 1723 3805 intraui,
1790 3749 1913 3793 non
1963 3731 2241 3795 cessauit
2286 3731 2559 3795 osculari
2623 3729 2817 3813 pedes
2861 3747 3058 3793 meos.

464 3834 569 3900 46.
621 3833 780 3899 Oleo
833 3854 954 3898 non
1001 3834 1280 3900 unexisti
1327 3840 1518 3915 caput
1562 3853 1809 3912 1110111ος
1856 3836 2015 3899 haec
2059 3841 2272 3901 autem
2312 3839 2634 3916 unguento
2668 3836 2904 3900 uncxit.
2951 3836 3061 3899 47.

464 3938 732 4019 Propter
775 3940 943 4019 quod
1007 3941 1144 4005 dico
1204 3941 1356 4004 tibi:
1419 3940 1716 4005 Remissa
1790 3946 1938 4005 sunt
2022 3939 2089 4003 ei
2151 3944 2409 4020 peccata
2464 3941 2680 4020 multa,
2743 3941 2894 4022 quia
2961 3941 3061 4002 di-

462 4043 620 4107 lexit
662 4045 950 4113 multum.
1017 4043 1133 4108 Cui
1181 4049 1392 4108 autem
1457 4043 1664 4109 minus
1711 4045 2078 4123 dimittitur,
2144 4046 2351 4110 minus
2414 4045 2640 4126 diligit.
2707 4045 2817 4111 48.
2882 4044 3064 4108 Dixit

461 4154 675 4212 autem
721 4148 914 4213 Jesus
955 4149 1034 4213 ad
1081 4169 1256 4214 eam:
1306 4149 1558 4231 Mulier,
1614 4149 1882 4215 remissa
1940 4157 2088 4215 sunt
2136 4150 2198 4214 ei
2228 4155 2512 4232 peccata.
2560 4151 2663 4215 49.
2711 4150 2799 4216 Et
2832 4149 3057 4229 coepit,

463 4253 572 4331 qui
620 4252 807 4316 simul
852 4254 1326 4334 recumbebant,
1377 4255 1590 4321 dicere
1638 4257 1805 4320 intra
1851 4274 1952 4319 se:
2022 4256 2178 4331 Quis
2226 4261 2342 4332 est,
2393 4257 2503 4336 qui
2564 4258 2757 4320 etiam
2794 4258 3058 4338 peccata

462 4357 782 4421 remittit?
853 4357 954 4422 50.
1007 4358 1186 4422 Dixit
1234 4358 1430 4424 Jesus
1486 4360 1566 4425 ad
1611 4360 1979 4425 mulierem:
2043 4361 2233 4425 Fides
2296 4365 2408 4423 tua
2468 4363 2532 4424 te
2592 4361 2836 4425 saluam
2883 4358 3058 4440 fecit,

460 4462 624 4525 uade
670 4460 739 4526 in
784 4479 961 4543 pace.

668 4671 869 4775 v111.
923 4676 978 4738 1.
1028 4675 1115 4738 Et
1159 4674 1395 4741 factum
1444 4682 1542 4741 est
1588 4677 1891 4759 deinceps
1939 4683 2002 4742 et
2047 4676 2187 4758 ipse
2232 4677 2360 4742 iter
2421 4675 2697 4741 faciebat
2741 4693 2855 4755 per
2901 4672 3060 4738 ciui-

462 4779 630 4848 tates
674 4784 742 4845 et
789 4780 1060 4845 castella
1106 4782 1484 4863 praedicans
1533 4787 1600 4846 01
1646 4781 2098 4865 euangelizans
2159 4800 2423 4862 regnum
2474 4780 2578 4844 dei
2625 4782 2692 4844 et
2735 4778 2882 4843 XII.
2931 4779 3064 4844 dis-
