3484 5617
604 484 688 551 94
1379 481 1745 552 Euangelium
1782 480 2085 559 secundum
2119 481 2422 539 Lucanum.
3044 490 3098 544 C.
3129 497 3176 544 9.

602 693 746 776 plus
790 713 977 777 quam
1026 696 1305 777 quinque
1353 713 1550 777 panes
1598 703 1664 760 et
1728 696 1853 759 duo
1903 695 2129 776 pisces,
2207 696 2331 761 nisi
2380 713 2495 761 nos
2540 716 2760 781 eamus
2807 702 2872 765 et
2914 720 3186 769 emamus

599 800 663 864 in
710 818 955 864 omnem
1000 800 1161 864 hanc
1207 800 1458 865 turbam
1506 818 1707 865 escas.
1762 799 1856 864 14.
1907 798 2110 863 Erant
2155 800 2325 863 enim
2369 799 2502 865 fere
2548 802 2671 865 uiri
2699 804 2979 885 quinque
3000 807 3189 874 milia.

597 904 707 968 Ait
751 909 962 970 autem
1010 906 1089 968 ad
1137 904 1519 985 discipulos:
1599 904 1820 968 Facite
1867 903 2011 968 illos
2064 903 2460 970 discumbere
2508 924 2622 987 per
2667 908 2970 974 conuiuia
3015 911 3188 991 quin-

596 1028 934 1091 quagenos,
1034 1011 1128 1075 15.
1176 1011 1262 1075 Et
1309 1009 1398 1075 ita
1443 1009 1754 1076 fecerunt.
1820 1009 1904 1073 Et
1952 1008 2412 1074 discubuerunt
2458 1029 2695 1076 omnes.
2750 1014 2849 1079 16.
2896 1013 3195 1095 Acceptis

597 1119 810 1179 autem
884 1118 1163 1197 quinque
1228 1114 1501 1196 panibus
1571 1119 1635 1178 et
1682 1114 1928 1178 duobus
1997 1114 2300 1197 piscibus,
2379 1116 2660 1197 respexit
2725 1119 2791 1180 in
2838 1117 3087 1184 caelum
3132 1125 3193 1185 et

597 1220 922 1286 benedixit
966 1239 1158 1302 super
1204 1218 1348 1284 illos
1394 1221 1460 1283 et
1504 1218 1697 1299 fregit
1742 1217 2166 1283 etdistribuit
2211 1219 2563 1303 discipulis,
2610 1224 2682 1284 ut
2707 1227 3021 1303 ponerent
3051 1230 3193 1290 ante

596 1325 836 1390 turbas.
934 1326 1031 1389 17.
1092 1326 1180 1390 Et
1237 1308 1785 1390 manducauerunt
1847 1331 1914 1391 et
1961 1310 2243 1391 'saturati
2305 1329 2472 1389 sunt.
2564 1327 2650 1391 Et
2710 1326 3034 1394 sublatum
3081 1334 3192 1409 est,

596 1430 764 1511 quod
817 1429 1151 1513 superfluit
1210 1430 1340 1496 illis
1391 1429 1889 1513 fragmentorum
1938 1431 2242 1512 cophinos
2287 1430 2433 1495 XII.
2514 1433 2611 1498 18.
2658 1433 2746 1497 Et
2790 1431 3033 1496 factum
3079 1437 3190 1510 est,

596 1552 734 1601 cum
805 1533 980 1601 solus
1046 1541 1219 1601 esset
1261 1553 1471 1619 orans,
1519 1542 1705 1600 erant
1750 1540 1964 1601 autem
2012 1541 2080 1601 et
2126 1554 2266 1600 cum
2312 1534 2424 1599 illo
2473 1535 2769 1617 discipuli
2816 1545 2882 1601 et
2931 1535 3192 1601 interro·

592 1640 771 1719 gauit
817 1641 837 1703 i
886 1690 899 1703 .
947 1688 963 1703 .
1013 1690 1028 1705 .
1078 1690 1093 1704 .
1141 1657 1323 1721 quem
1372 1635 1388 1705 .’
1438 1691 1449 1703 .
1501 1691 1514 1705 .
1567 1690 1580 1704 .
1631 1641 1854 1704 dicunt
1898 1657 2041 1705 esse
2084 1640 2327 1705 turbae.
2412 1641 2512 1705 19.
2561 1639 2661 1705 Ad
2706 1640 2806 1705 illi
2851 1641 3187 1721 responde·

590 1748 742 1808 runt
786 1745 846 1809 ei
893 1748 960 1809 et
1006 1744 1333 1811 dixerunt:
1384 1744 1737 1809 Johannem
1771 1745 2158 1825 Baptistam3
2215 1744 2325 1809 alii
2358 1749 2571 1809 autem
2612 1743 2860 1822 Helian,
2915 1743 3190 1826 aliiquia

590 1848 901 1929 propheta
968 1868 1132 1913 unus
1202 1849 1280 1913 de
1331 1849 1644 1932 prioribus
1716 1849 2090 1914 resurrexit.
2183 1850 2286 1914 20.
2336 1848 2515 1913 Dixit
2563 1853 2771 1913 aulem
2820 1848 2991 1915 illis:
3066 1847 3190 1914 Uos

591 1959 804 2018 autem
865 1973 964 2018 me
1026 1973 1210 2037 quem
1273 1954 1490 2019 dicitis
1537 1955 1726 2019 esse?
1795 1954 2216 2037 Respondens
2250 2002 2264 2017 .
2304 2001 2316 2014 .
2354 2003 2367 2016 .
2416 1954 2646 2019 Petrus
2681 2004 2692 2015 .
2725 2003 2738 2016 .
2776 2003 2788 2016 .
2824 2003 2838 2018 .
2897 1953 3048 2019 dei.
3083 2004 3095 2018 .
3128 2004 3179 2019 ..

593 2059 695 2121 21.
746 2056 863 2120 Ille
923 2058 1261 2140 increpans
1322 2058 1469 2124 illos
1532 2060 1877 2141 praecepit,
1943 2078 2019 2122 ne
2081 2058 2182 2122 cui
2244 2057 2399 2122 haec
2444 2057 2733 2123 dicerent
2779 2057 3040 2125 dicens:
3090 2059 3174 2122 22.

591 2161 758 2242 quod
827 2166 1080 2242 oportet
1162 2161 1362 2227 filium
1429 2163 1704 2229 hominis
1777 2163 1976 2227 multa
2025 2163 2159 2244 pati
2205 2167 2271 2227 et
2316 2163 2642 2243 reprobari
2712 2182 2750 2227 a
2796 2163 3184 2245 principibus

593 2265 992 2331 sacerdotum
1040 2271 1108 2331 et
1154 2266 1382 2332 scribis
1428 2273 1493 2332 et
1540 2267 1746 2331 occidi
1792 2273 1856 2332 et
1882 2273 2027 2349 post
2057 2267 2196 2332 dies
2220 2271 2353 2331 tres
2385 2285 2742 2349 resurgere.
2790 2270 2903 2334 23.
2931 2268 3186 2334 Dicebat

590 2375 801 2435 autem
867 2369 950 2435 ad
1010 2390 1261 2437 omnes:
1354 2372 1424 2437 Si
1492 2373 1634 2455 quis
1682 2372 1822 2436 uult
1866 2372 1948 2436 ad
1994 2389 2093 2436 me
2140 2372 2381 2451 uenire,
2438 2372 2715 2454 abneget
2760 2391 2830 2438 se
2877 2373 3083 2456 ipsum
3127 2378 3185 2437 et

589 2475 840 2540 sublata
885 2494 1074 2543 cruce
1120 2495 1236 2542 sua
1281 2482 1587 2559 sequatur
1632 2496 1748 2541 me.
1829 2478 1931 2543 24.
1980 2477 2102 2554 Qui
2150 2476 2319 2540 enim
2367 2476 2645 2542 uoluerit
2692 2475 2969 2543 animam
3016 2496 3180 2544 suam

588 2580 831 2645 saluam
879 2577 1110 2659 facere,
1157 2583 1385 2664 perdet
1430 2583 1624 2662 illam,
1673 2601 1817 2646 nam
1867 2583 1973 2663 qui
2021 2580 2379 2663 perdiderit
2425 2583 2697 2647 animam
2725 2599 2908 2647 suam
2940 2587 3183 2664 propter

587 2703 707 2761 me,
756 2685 862 2751 ille
912 2687 1157 2751 saluam
1202 2687 1611 2768 facietillam.
1661 2688 1765 2752 25.
1802 2686 1969 2765 Quid
2024 2687 2192 2752 enim
2239 2687 2501 2767 prodest
2526 2686 2787 2765 homini,
2834 2686 2894 2751 si
2920 2687 3183 2751 lucretur

587 2789 955 2857 uniuersum
1002 2795 1324 2872 mundum,
1373 2810 1444 2856 se
1477 2795 1688 2856 autem
1738 2791 1964 2871 perdat
2008 2794 2075 2855 et
2107 2791 2561 2856 detrimentum
2589 2789 2836 2855 faciat?
2883 2791 2986 2857 26.
3033 2791 3176 2855 Nam

590 2895 697 2976 qui
743 2914 843 2959 me
889 2896 1217 2961 erubuerit
1275 2900 1342 2961 et
1405 2914 1580 2960 meos
1642 2912 1989 2977 sermone8‚
2059 2895 2228 2959 hunc
2288 2893 2458 2959 filius
2521 2894 2794 2961 hominis
2840 2896 3177 2972 erubescet,

589 3017 730 3063 cum
800 3003 1052 3067 uenerit
1119 3001 1182 3065 in
1251 3001 1589 3066 maiestate
1658 3017 1773 3064 sua
1841 3004 1908 3064 et
1976 3019 2056 3081 pa
2103 3047 2118 3062 .
2171 3052 2183 3065 .
2236 3051 2252 3066 .
2300 3046 2316 3061 .
2364 3002 2734 3065 sanctorum
2801 3000 3177 3082 angelorum.

587 3102 691 3169 27.
741 3104 901 3169 Dico
948 3111 1161 3171 autem
1237 3105 1453 3170 uobis:
1504 3121 1655 3169 uere
1716 3104 1916 3185 aliqui
1964 3108 2113 3169 sunt
2158 3105 2262 3170 hic
2309 3107 2573 3182 stantes,
2650 3103 2761 3185 qui
2805 3123 2937 3171 non
2980 3108 3178 3187 gusta-

588 3208 743 3275 bunt
788 3213 1077 3292 mortem,
1128 3210 1327 3274 donec
1376 3209 1636 3273 uideant
1680 3228 1945 3291 regnum
1995 3209 2117 3275 dei.
2181 3212 2282 3275 28.
2333 3209 2594 3274 Factum
2643 3214 2744 3274 est
2790 3214 3000 3274 autem
3051 3212 3178 3290 post

585 3311 745 3378 haec
791 3314 1007 3388 uerba,
1084 3314 1219 3379 fere
1282 3318 1423 3396 post
1485 3313 1626 3378 dies
1688 3318 1830 3378 octo
1877 3315 2235 3395 adsumpsit
2280 3315 2537 3378 Petrum
2610 3318 2675 3379 et
2723 3313 3077 3379 Johannem
3120 3317 3181 3377 et

585 3416 895 3481 Jacobum
943 3423 1010 3483 et
1054 3416 1342 3483 ascendit
1387 3418 1450 3481 in
1497 3422 1728 3495 monte,
1795 3423 1864 3483 ut
1911 3424 2137 3482 oraret.
2189 3420 2291 3485 29.
2338 3420 2424 3484 Et
2474 3419 2623 3483 dum
2672 3423 2832 3498 orat,
2879 3418 3047 3486 facta
3090 3422 3180 3483 est

590 3521 838 3603 species
909 3521 1254 3604 adspectus
1301 3522 1441 3586 eius
1500 3522 1647 3587 alba
1713 3521 2056 3604 refulgens.
2147 3525 2251 3589 30.
2300 3523 2387 3589 Et
2428 3542 2579 3588 ecce
2625 3524 2753 3588 duo
2802 3524 2929 3589 uiri
2975 3522 3178 3605 loque·

588 3628 820 3692 bantur
868 3645 1009 3692 cum
1055 3627 1186 3692 illo.
1235 3629 1337 3693 31.
1387 3627 1591 3694 Erant
1641 3632 1854 3693 autem
1904 3628 2161 3712 Moyses
2209 3635 2276 3694 et
2322 3628 2545 3693 Helias
2592 3629 2714 3694 uisi
2765 3629 2826 3693 in
2852 3630 3177 3694 maiestate

589 3737 653 3797 et
719 3731 1016 3799 dicebant
1089 3752 1418 3799 excessum
1490 3734 1648 3816 eiuS‚
1720 3752 1905 3815 quem
1976 3735 2406 3815 completurus
2468 3738 2607 3798 erat
2653 3734 2716 3798 in
2765 3733 3175 3799 Hierusalem.

587 3838 689 3902 32.
737 3836 967 3902 Petrus
1013 3856 1187 3920 uero,
1237 3843 1303 3902 et
1347 3838 1456 3920 qui
1504 3855 1644 3902 cum
1693 3837 1822 3916 illo,
1872 3843 2056 3902 erant
2100 3838 2352 3920 grabati
2424 3857 2461 3902 a
2507 3856 2748 3904 somno.
2840 3838 2929 3903 Et
2989 3837 3178 3919 euigi-

585 3941 794 4007 lantes
843 3943 1140 4011 uiderant
1183 3941 1584 4007 maiestatem
1632 3942 1770 4006 eius
1839 3947 1905 4006 et
1951 3942 2110 4008 duos
2157 3941 2355 4020 uiros,
2410 3943 2518 4022 qui
2566 3942 2821 4007 stabant
2867 3960 3010 4006 cum
3056 3941 3175 4004 illo,

584 4046 672 4111 Et
715 4047 954 4113 factum
1001 4053 1120 4125 est,
1172 4065 1312 4110 cum
1362 4044 1770 4110 discederent
1813 4047 1892 4111 ab
1938 4046 2070 4125 illo,
2132 4046 2227 4111 ait
2268 4046 2539 4112 Petrus:
2588 4048 2912 4129 magister,
2958 4045 3177 4110 bonum

582 4157 681 4215 est
726 4170 843 4217 nos
903 4152 1007 4216 hic
1055 4169 1216 4229 esse,
1295 4155 1360 4216 et
1404 4149 1711 4215 faciamus
1771 4150 2188 4215 tabernacula
2251 4152 2397 4230 tria,
2472 4171 2666 4216 unum
2712 4149 2832 4218 tibi
2880 4161 2948 4216 et
2993 4168 3177 4216 unum

582 4256 787 4339 Moysi
851 4261 918 4320 et
964 4275 1154 4321 unum
1203 4255 1457 4332 Heliae,
1525 4256 1836 4333 nesciens,
1912 4256 2063 4339 quid
2111 4257 2366 4322 diceret.
2438 4258 2539 4322 34.
2589 4256 2766 4321 Haec
2812 4259 3023 4320 autem
3073 4251 3175 4317 illo

580 4360 880 4440 loquente
927 4360 1097 4426 facta
1121 4366 1221 4425 est
1266 4361 1428 4427 nubs
1475 4365 1540 4426 et
1585 4361 2060 4426 inumbrabauit
2105 4379 2236 4438 eos,
2287 4367 2351 4427 et
2397 4363 2764 4427 timuerunt.
2812 4361 2899 4425 Et
2947 4361 3174 4424 intran-

584 4465 757 4529 tibus
799 4465 930 4530 illis
978 4467 1041 4530 in
1090 4465 1253 4530 nube
1300 4486 1338 4530 u
1388 4514 1401 4529 .
1455 4517 1466 4529 .
1517 4514 1532 4530 .
1587 4517 1598 4530 .
1647 4470 1749 4531 est
1794 4465 1873 4531 de
1919 4518 1934 4531 .
1986 4517 1997 4530 .
2048 4517 2063 4532 .
2108 4518 2121 4533 .
2190 4469 2291 4534 35.
2341 4466 2463 4532 Hic
2510 4472 2609 4532 est
2652 4464 2822 4531 filius
2869 4482 3047 4530 meus
3090 4462 3174 4527 di-

583 4570 809 4647 lectus,
881 4572 1089 4652 ipsum
1134 4571 1370 4635 audite.
1464 4573 1566 4637 36.
1617 4570 1700 4636 Et
1749 4572 1897 4637 dum
1947 4569 2020 4635 fit
2065 4590 2210 4655 uox,
2259 4573 2562 4637 inuentus
2608 4575 2708 4636 est
2751 4570 2947 4635 Jesus
2994 4568 3170 4633 solus.

588 4673 676 4740 Et
721 4674 847 4756 ipsi
892 4679 1232 4741 tacuerunt
1277 4680 1344 4740 et
1369 4676 1605 4741 nemini
1652 4675 1809 4740 nihil
1858 4677 2158 4741 dixerunt
2204 4678 2267 4741 in
2315 4677 2443 4742 illis
2489 4676 2713 4742 diebus
2760 4694 2840 4740 ex
2867 4673 2990 4757 his,
3023 4687 3171 4755 quae

591 4780 905 4845 uiderant.
998 4782 1101 4846 37.
1148 4781 1411 4846 Factum
1478 4786 1576 4847 est
1645 4787 1858 4846 autem
1926 4800 2043 4863 per
2108 4781 2279 4846 diem
2341 4779 2873 4848 descendentibus
2929 4779 3055 4845 illis
3101 4775 3167 4838 de
