3484 5617
600 519 725 584 124
1427 514 1794 584 Euangelium
1830 514 2129 570 secundum
2169 514 2433 569 Marcum.
3056 515 3113 570 Ο.
3150 523 3190 569 4.

596 727 762 789 enim
797 744 1092 791 mensura
1130 725 1489 804 metieritiS,
1538 732 1605 789 et
1636 724 2188 789 demensurabitur
2234 724 2419 789 uobis
2472 726 2573 790 25.
2625 723 2745 801 Qui
2788 725 2951 788 enim
2984 725 3193 805 habet,

596 829 855 893 dabitur
910 829 1022 908 illi,
1088 835 1158 895 et
1204 832 1310 913 qui
1359 848 1479 893 non
1526 829 1739 906 habet,
1804 834 1869 892 et
1913 829 2083 909 quod
2130 828 2343 906 habet,
2393 827 2722 893 auferetur
2770 830 2850 893 ab
2898 829 3025 893 illo.
3097 832 3196 894 26.

593 936 678 999 Et
727 934 1016 999 dicebat:
1093 935 1198 999 Sic
1248 941 1347 1000 est
1393 953 1656 1015 regnum
1708 934 1831 1012 dei,
1904 933 2435 1013 quemadmodum
2483 934 2536 996 si
2584 933 2772 998 homo
2842 935 3057 998 mittat
3103 954 3195 996 se·

594 1057 735 1102 men
792 1038 855 1102 in
908 1043 1167 1113 terram,
1220 1041 1322 1106 27.
1370 1046 1434 1104 et
1482 1039 1754 1103 dormiat
1800 1043 1866 1101 et
1897 1041 2115 1118 surgat
2161 1042 2348 1102 nocte
2396 1041 2460 1102 et
2507 1038 2630 1118 die,
2681 1044 2747 1102 et
2791 1056 3004 1102 semen
3057 1057 3195 1119 ger-

596 1144 794 1206 minet
818 1147 883 1207 et
929 1144 1260 1222 increscat,
1312 1144 1456 1208 dum
1509 1143 1769 1206 nesciat.
1821 1144 1921 1207 28.
1974 1138 2160 1205 Ultro
2209 1142 2375 1205 enim
2422 1145 2596 1205 terra
2642 1140 3011 1223 fructificat,
3064 1142 3195 1222 pri-

604 1267 774 1310 mum
823 1247 1102 1327 herbam,
1152 1248 1384 1311 deinde
1431 1248 1689 1328 spicam,
1737 1247 1967 1310 deinde
2017 1246 2269 1327 plenum
2340 1247 2619 1309 triticum
2670 1247 2732 1310 in
2804 1247 2998 1327 spica.
3093 1248 3196 1310 25).

600 1350 756 1415 Cum
804 1352 1078 1416 fructum
1129 1352 1422 1431 ediderit,
1471 1353 1562 1416 sic
1609 1351 1805 1416 mittit
1866 1350 2111 1433 falcem,
2181 1351 2471 1431 quoniam
2541 1349 2726 1416 adest
2793 1338 3041 1416 messis.
3093 1352 3196 1417 30.

597 1456 683 1519 Et
760 1456 1049 1521 dicebat:
1148 1457 1460 1538 quomodo
1534 1455 1745 1519 simile
1820 1455 2104 1519 dicemus
2178 1473 2438 1535 regnum
2517 1453 2668 1519 dei?
2760 1456 2885 1519 Aut
2960 1455 3025 1518 in
3076 1471 3201 1534 qua

601 1560 1021 1625 similitudine
1069 1563 1424 1643 ponemus?
1470 1559 1570 1627 31.
1623 1560 1801 1626 Sicut
1846 1578 2109 1641 granum
2158 1560 2401 1640 sinapis
2450 1565 2615 1639 quod
2663 1559 3046 1624 seminatum
3093 1576 3198 1620 su·

599 1685 714 1746 per
758 1670 1012 1744 terram,
1061 1686 1201 1730 cum
1250 1668 1333 1732 sit
1405 1668 1613 1730 minus
1675 1666 1950 1729 omnium
2013 1666 2345 1745 seminum,
2440 1667 2543 1730 32.
2594 1664 2826 1728 crescit
2874 1667 3091 1726 autem
3136 1666 3201 1725 et

589 1768 660 1834 fit
704 1771 891 1835 arbor
936 1771 1142 1835 maius
1186 1771 1463 1837 omnium
1511 1770 1798 1834 holerum
1831 1775 1897 1834 et
1928 1768 2081 1834 facit
2127 1787 2336 1833 ramos
2385 1786 2666 1849 magnOS,
2695 1768 2785 1832 ita
2818 1772 2889 1831 ut
2935 1768 3188 1848 possint

596 1875 712 1940 sub
762 1876 979 1940 umbra
1028 1876 1167 1940 eius
1213 1893 1368 1939 aues
1415 1875 1573 1939 caeli
1623 1874 1999 1939 inhabitare.
2049 1876 2149 1939 33.
2200 1874 2285 1939 Et
2332 1874 2477 1939 aliis
2528 1872 2845 1952 parabolis
2897 1870 3198 1952 loqueba·

594 1983 701 2042 tur
744 1980 825 2042 ad
874 1978 1034 2056 illos,
1106 1980 1383 2059 qualiter
1429 1982 1725 2059 poterant
1773 1979 2014 2058 audire,
2086 1980 2188 2044 34.
2238 1978 2375 2043 sine
2445 1978 2768 2059 parabolis
2814 1982 3028 2041 autem
3080 1996 3200 2041 non

606 2083 990 2163 loquebatur
1036 2082 1115 2146 ad
1163 2082 1349 2159 illos;
1400 2088 1647 2148 secreto
1693 2090 1906 2148 autem
1956 2083 2289 2165 discipulis
2351 2085 2485 2150 suis
2553 2082 2925 2148 exsoluebat
2969 2084 3201 2145 omnia.

591 2188 693 2252 35.
743 2187 828 2250 Et
873 2187 965 2251 ait
1007 2186 1134 2251 illis
1181 2187 1246 2251 in
1292 2188 1403 2252 illa
1452 2188 1571 2268 die,
1619 2208 1761 2254 cum
1810 2207 1950 2254 sero
1977 2189 2210 2254 factum
2240 2192 2442 2253 esset:
2498 2193 2901 2253 transeamus
2950 2191 3193 2251 contra.

595 2292 696 2356 36.
746 2292 832 2355 Et
878 2291 1262 2356 dimiserunt
1310 2293 1555 2358 turbam
1604 2297 1669 2356 et
1716 2301 2097 2374 acceperunt
2142 2311 2305 2371 eum,
2353 2294 2444 2356 ita
2491 2299 2561 2356 ut
2609 2297 2751 2355 erat
2797 2292 2859 2355 in
2896 2289 3198 2356 nauicula

595 2400 659 2459 et
706 2396 943 2460 multae
988 2415 1187 2461 naues
1233 2396 1420 2462 simul
1469 2401 1650 2461 erant
1699 2416 1836 2461 cum
1876 2397 2002 2462 illo.
2054 2398 2156 2462 37.
2207 2396 2293 2461 Et
2321 2396 2494 2462 facta
2525 2402 2623 2462 est
2655 2394 2935 2478 procella
2968 2412 3200 2476 magna

592 2501 785 2582 uenti,
857 2505 923 2564 et
971 2499 1207 2565 fluctus
1285 2501 1582 2566 mittebat
1652 2502 1716 2564 in
1786 2500 2171 2579 nuuiculam,
2243 2502 2334 2565 ita
2403 2506 2473 2565 ut
2541 2500 2915 2582 impleretur
2982 2500 3193 2564 nauis.

589 2606 693 2669 38.
743 2605 905 2669 Erat
951 2609 1163 2669 autem
1212 2606 1349 2688 ipse
1397 2607 1458 2668 in
1508 2624 1720 2686 puppe
1768 2624 1962 2687 supra
2007 2605 2334 2685 puluinum
2384 2606 2744 2670 dormiens:
2806 2609 2875 2668 et
2916 2603 3199 2669 excitan-

599 2714 697 2774 tes
745 2727 885 2773 eum
936 2709 1233 2774 dixerunt
1278 2711 1370 2774 ei:
1440 2710 1766 2793 magister,
1816 2728 1938 2773 non
1988 2716 2087 2774 est
2133 2710 2249 2773 tibi
2298 2730 2473 2787 cura,
2534 2729 2610 2775 eo
2657 2709 2823 2792 quod
2870 2707 3201 2791 perimus?

595 2815 697 2879 20.
752 2815 837 2878 Et
882 2833 1198 2895 exurgens
1245 2814 1583 2895 imperauit
1630 2819 1822 2878 uento
1869 2820 1934 2877 et
1977 2815 2137 2878 mari
2185 2819 2251 2877 et
2295 2814 2414 2897 ait3
2462 2813 2890 2880 Ommutesce.
2939 2813 3027 2878 Et
3056 2831 3196 2878 ces-

591 2921 760 2983 sauit
808 2925 1057 3000 uentuS,
1105 2923 1170 2982 et
1215 2918 1385 2983 facta
1429 2923 1531 2982 est
1575 2919 2015 2998 tranquillitas
2062 2937 2306 2999 magna.
2355 2923 2455 2986 40.
2494 2920 2799 3001 Dixitque
2831 2918 2992 2983 illis:
3043 2919 3198 3000 quid

593 3022 802 3087 timidi
850 3023 1053 3088 estis?
1099 3024 1377 3088 nondum
1427 3022 1594 3085 enim
1627 3022 1878 3087 habetis
1909 3021 2144 3087 fidem?
2192 3023 2277 3086 Et
2307 3024 2657 3087 timuerunt
2690 3022 2919 3087 timore
2944 3041 3195 3103 magno,

591 3131 656 3191 et
702 3128 781 3190 ad
830 3128 1104 3192 inuicem
1168 3126 1499 3191 dicebant:
1592 3127 1779 3206 Ecce,
1855 3128 2167 3208 quomodo
2236 3146 2409 3191 mare
2454 3134 2520 3192 et
2593 3128 2768 3192 uenti
2841 3126 3199 3192 obaudiunt

594 3250 757 3294 eum.

796 3436 888 3503 V.
946 3440 995 3500 1.
1045 3438 1130 3501 Et
1181 3442 1494 3502 uenerunt
1541 3442 1718 3502 trans
1765 3438 1993 3503 fretum
2048 3440 2108 3504 in
2177 3440 2502 3521 regionem
2572 3440 3058 3508 Gerasenorum.
3134 3444 3191 3508 2.

595 3546 870 3607 exeunte
919 3544 1058 3624 ipso
1106 3543 1184 3607 de
1231 3544 1548 3627 nauicula,
1598 3544 1886 3608 obuiauit
1932 3545 1990 3608 ei
2039 3544 2224 3608 homo
2272 3545 2350 3610 de
2394 3555 2823 3626 monumento,
2896 3545 3193 3630 spiritum

589 3648 981 3713 immundum
1029 3647 1293 3725 liabens,
1342 3650 1402 3712 3.
1453 3653 1518 3713 et
1564 3647 1844 3712 habebat
1893 3648 2350 3714 habitationem
2398 3652 2462 3714 in
2507 3657 2934 3732 monumentO,
2986 3655 3051 3715 et
3083 3670 3192 3715 ne-

597 3772 719 3833 que
766 3753 1012 3818 eatenis
1060 3753 1181 3817 iam
1232 3753 1561 3834 quisquam
1633 3758 1889 3835 poterat
1936 3754 2152 3836 ligare,
2221 3757 2280 3820 4.
2355 3758 2506 3837 quia
2552 3774 2747 3838 saepe
2793 3757 2919 3821 iam
2968 3756 3191 3837 alliga-

600 3863 704 3922 tus
753 3858 1160 3939 compedibus
1206 3863 1272 3922 et
1317 3860 1582 3942 catenis,
1633 3859 1998 3940 disruperat
2043 3878 2081 3923 a
2126 3879 2195 3924 se
2244 3865 2502 3925 catenas
2548 3867 2614 3926 et
2658 3861 2995 3944 compedes
3041 3878 3190 3924 con·

594 3961 804 4042 fregit,
850 3967 949 4026 set
996 3979 1113 4026 nec
1175 3961 1505 4043 quisquam
1555 3962 1814 4027 ualebat
1859 3982 2001 4027 eum
2051 3965 2326 4030 domare.
2376 3968 2435 4029 5.
2485 3966 2685 4030 Nocte
2731 3971 2944 4030 autem
2979 3982 3053 4028 ac
3084 3965 3192 4030 die

590 4067 651 4128 in
700 4067 1021 4131 montibus
1070 4070 1136 4130 et
1184 4067 1609 4132 monumentis
1659 4071 1799 4132 erat
1846 4069 2127 4136 clamans
2174 4073 2240 4133 et
2263 4070 2582 4151 lapidibus
2628 4088 2697 4134 se
2745 4070 3073 4135 collidens.
3127 4071 3187 4133 6.

594 4167 836 4234 Uidens
885 4175 1096 4236 autem
1142 4191 1180 4235 a
1225 4171 1413 4252 longe
1459 4172 1703 4249 Jesum,
1778 4174 2066 4239 adcurrit
2112 4178 2177 4237 et
2221 4175 2516 4240 adorauit
2561 4193 2704 4239 eum
2771 4179 2837 4238 et
2907 4175 3187 4241 clamans

593 4292 749 4339 uoce
795 4294 1021 4358 magna
1068 4275 1261 4341 dixit:
1313 4278 1367 4340 7.
1438 4276 1605 4354 Quid
1652 4276 1807 4340 mihi
1852 4283 1919 4341 et
1966 4278 2103 4356 tibi,
2150 4279 2328 4357 Jesu,
2379 4277 2466 4343 fili
2513 4278 2614 4343 dei
2664 4278 2979 4357 altissimi,
3047 4298 3186 4359 pre-

582 4398 688 4442 cor
720 4386 785 4444 te
817 4397 933 4461 per
964 4380 1174 4460 deum,
1200 4400 1280 4446 ne
1325 4400 1425 4445 me
1451 4386 1771 4462 torqueas,
1822 4385 1880 4447 8.
1931 4383 2200 4447 Dicebat
2230 4383 2400 4447 enim
2436 4383 2563 4448 illi:
2612 4382 2732 4447 Exi
2769 4384 3032 4466 spiritus
3067 4385 3178 4446 im-

586 4485 820 4548 munde
868 4484 946 4549 de
992 4485 1113 4549 hoc
1157 4484 1436 4551 homine.
1528 4487 1587 4548 9.
1657 4485 1744 4549 Et
1815 4487 2258 4567 interrogabat
2304 4506 2481 4553 eum:
2553 4490 2718 4570 quod
2792 4489 2909 4553 tibi
2956 4505 3179 4552 nomen

585 4590 729 4652 est?
777 4589 859 4655 At
904 4590 1014 4654 ille
1047 4591 1414 4671 respondit:
1464 4590 1629 4671 legio
1662 4608 1888 4655 nomen
1921 4604 2016 4655 est
2047 4592 2221 4670 mihi,
2271 4592 2422 4674 quia
2451 4593 2637 4658 multi
2671 4611 2908 4657 sumus,
2966 4594 3059 4657 10.
3096 4592 3182 4657 Et

587 4695 852 4773 rogabat
895 4713 1040 4758 eum
1085 4694 1373 4772 multum,
1399 4713 1479 4757 ne
1524 4712 1667 4758 eum
1717 4695 2074 4776 expelleret
2103 4695 2273 4761 foras
2308 4696 2385 4760 de
2417 4697 2531 4760 illa
2560 4696 2838 4777 regione.
2891 4700 2990 4761 ll.
3024 4697 3183 4760 Erat

582 4805 791 4862 autem
840 4799 925 4865 ibi
974 4801 1149 4866 iuxta
1196 4804 1472 4863 montem
1504 4816 1655 4879 grex
1704 4817 2037 4881 porcorum
2082 4802 2503 4880 pascentium.
2558 4803 2658 4868 12.
2706 4800 2794 4866 Et
2840 4801 3178 4885 depraeca·
