3484 5617
537 490 620 554 98
1307 480 1669 550 Euangelium
1709 482 2010 536 secundum
2052 481 2355 537 Lucanum.
2960 486 3017 542 (⁸.
3056 491 3143 538 11.

538 695 702 759 sicut
746 698 805 758 et
837 714 948 759 nos
982 693 1365 758 dimittimus
1412 691 1792 756 debitoribus
1839 691 2091 757 nostris,
2143 695 2228 756 Et
2273 714 2350 757 ne
2381 713 2492 759 nos
2534 692 2803 760 inducas
2848 696 2918 760 in
2946 700 3146 781 temp·

549 798 870 878 tationem,
936 798 1044 863 sed
1106 798 1304 862 libera
1366 817 1476 862 nos
1522 818 1564 862 a
1607 797 1795 861 malo.
1866 799 1924 864 5.
1972 797 2059 861 Et
2105 796 2263 862 dixit
2309 799 2391 862 ad
2453 817 2611 865 eos:
2660 800 2806 881 quis
2855 806 3142 868 uestrum

540 904 736 969 habet
813 903 1085 969 amicum
1148 909 1211 968 et
1281 903 1415 969 abit
1475 902 1554 967 ad
1600 901 1783 966 illum
1842 902 2052 966 media
2113 906 2298 965 nocte
2345 907 2410 968 et
2458 901 2629 969 dicet
2674 903 2807 970 illi:
2899 904 3144 985 Amice,

539 1009 866 1074 commoda
912 1008 1067 1074 milri
1114 1013 1248 1073 tres
1294 1025 1512 1089 panea,
1561 1009 1619 1073 6.
1670 1006 1971 1089 quoniam
2039 1006 2282 1070 amicus
2349 1024 2530 1071 meus
2578 1056 2593 1072 .
2642 1059 2656 1073 .
2685 1035 2726 1072 ·.
2777 1007 2855 1073 de
2903 1008 3032 1090 uia,
3080 1015 3148 1075 et

546 1132 671 1177 11011
715 1112 943 1190 haben,
993 1112 1162 1195 quod
1210 1131 1443 1192 ponam
1513 1116 1662 1176 ante
1709 1111 1908 1188 illum,
1983 1112 2039 1175 7.
2089 1115 2154 1174 et
2200 1109 2310 1175 ille
2381 1111 2460 1175 de
2507 1112 2681 1177 intus
2751 1115 3159 1195 respondens·

542 1217 745 1282 dicet:
818 1217 964 1282 Noli
1033 1216 1185 1281 mihi
1257 1217 1565 1282 molestus
1611 1234 1791 1290 esse;
1859 1216 1986 1279 iam
2032 1216 2266 1281 ostium
2330 1214 2615 1280 clausum
2663 1221 2781 1296 est,
2850 1222 2919 1283 et
2965 1219 3152 1300 pueri

540 1323 605 1387 in
651 1320 943 1387 cubiculo
991 1340 1238 1388 mecum
1287 1324 1470 1400 sunt3
1518 1339 1643 1385 non
1688 1338 1950 1402 possum
1998 1338 2265 1402 surgere
2312 1326 2378 1384 et
2424 1321 2576 1385 dare
2621 1320 2790 1387 tibi?
2879 1329 2938 1389 8.
2991 1323 3155 1389 Dico

541 1427 747 1506 uobiS,
797 1446 923 1509 quo
970 1480 985 1494 .
1035 1477 1050 1493 .
1100 1476 1113 1490 .
1166 1479 1178 1490 .
1229 1445 1497 1508 surgens
1547 1477 1560 1491 .
1611 1476 1626 1492 .
1677 1476 1690 1490 .
1737 1473 1755 1489 .
1804 1425 1920 1504 illi,
1968 1443 2042 1490 eo
2090 1425 2261 1507 quod
2293 1426 2533 1491 amicus
2579 1426 2720 1491 eius
2743 1432 2863 1506 est,
2891 1434 3156 1510 propter

543 1531 1021 1613 improbitatem
1071 1532 1210 1598 eius
1256 1537 1473 1613 surget
1519 1535 1585 1596 et
1629 1530 1809 1596 dabit
1855 1530 1972 1610 illi,
2018 1534 2293 1614 quantos
2341 1531 2694 1596 desiderat.
2786 1534 2846 1597 9.
2897 1532 2979 1597 Et
3024 1550 3143 1615 ego

545 1636 727 1703 uobis
774 1638 950 1701 dico:
999 1635 1209 1701 Petite
1255 1642 1320 1701 et
1366 1635 1624 1699 dabitur
1670 1635 1886 1715 uobis;
1936 1636 2244 1718 quaerite,
2294 1640 2361 1700 et
2409 1635 2800 1715 inuenietis;
2877 1638 3142 1719 pulsate,

538 1748 603 1807 et
646 1743 972 1821 aperietur
1019 1742 1219 1806 uobis.
1277 1741 1376 1806 10.
1426 1738 1649 1804 Omnis
1677 1741 1864 1823 enim,
1915 1743 2023 1823 qui
2071 1742 2257 1822 petit,
2305 1741 2561 1821 accipit,
2609 1749 2676 1807 et
2722 1743 2830 1822 qui
2880 1739 3149 1824 quaerit,

538 1847 806 1928 inuenit,
855 1851 922 1912 et
968 1846 1251 1928 pulsanti
1297 1846 1650 1928 aperietur.
1749 1846 1846 1909 11.
1876 1845 1928 1909 A
1962 1863 2088 1925 quo
2138 1836 2362 1910 autem'
2410 1864 2494 1909 ex
2542 1845 2728 1911 uobis
2771 1847 2937 1929 petit
2982 1844 3155 1910 filius
3279 1918 3284 1922 ,

539 1953 678 2017 eius
723 1970 970 2034 panem,
1018 1951 1330 2031 numquid
1375 1950 1655 2033 lapidem
1696 1949 1981 2031 porriget
2028 1949 2131 2013 ei?
2177 1951 2308 2014 Aut
2353 1949 2408 2015 si
2455 1951 2696 2032 piscem
2740 1952 2928 2032 petit,
2977 1969 3156 2015 num-

541 2057 694 2140 quid
744 2076 855 2140 pro
905 2057 1082 2138 pisce
1126 2061 1502 2138 serpentem
1550 2055 1827 2138 porrigit
1858 2055 1968 2120 ei?
2020 2055 2118 2119 12.
2145 2054 2277 2120 Aut
2323 2054 2377 2118 si
2426 2056 2688 2136 petierit
2717 2074 2928 2135 ouum,
2977 2074 3153 2121 num-

540 2162 693 2243 quid
739 2160 1137 2242 scorpionem
1183 2159 1475 2244 porrigit
1524 2160 1667 2225 illi?
1741 2162 1840 2227 13.
1901 2157 1967 2223 Si
2015 2178 2165 2241 ergo
2229 2172 2365 2238 uoS,
2430 2177 2573 2224 cum
2635 2161 2777 2225 sitis
2825 2160 2996 2243 mali,
3042 2179 3155 2225 no-

540 2267 661 2331 stis
725 2265 890 2330 bona
959 2267 1109 2330 data
1179 2267 1336 2330 dare
1398 2266 1635 2330 uestris
1703 2264 1875 2342 11Ιί15,
1945 2268 2188 2345 quanto
2256 2265 2461 2346 magis
2528 2269 2712 2346 pater
2775 2270 2993 2330 uester
3071 2266 3153 2330 de

541 2371 715 2435 caelo
763 2370 938 2436 dabit
983 2371 1218 2436 bonurn
1268 2372 1485 2436 datum
1525 2370 1897 2451 petentibus
1943 2371 2061 2434 se?
2114 2372 2210 2436 14.
2259 2370 2424 2434 Erat
2467 2369 2705 2435 eiciens
2753 2370 3153 2435 daemonium

541 2482 605 2542 et
653 2475 815 2541 illud
882 2480 1021 2540 erat
1082 2483 1342 2541 mutum.
1437 2476 1521 2539 Et
1567 2494 1708 2539 cum
1779 2476 2019 2540 eiceret
2085 2494 2123 2539 a
2185 2480 2361 2540 muto
2429 2475 2853 2559 daemonium,
2930 2494 3151 2541 omnes

543 2580 771 2646 turbae
834 2580 1276 2661 obstupebant.
1355 2580 1453 2645 15.
1504 2579 1778 2657 Quidam
1840 2584 2052 2645 autem
2119 2599 2196 2644 ex
2241 2579 2605 2644 Pharisaeis
2652 2579 2975 2644 dixerunt:
3067 2580 3145 2644 In

544 2685 836 2750 belzebul
885 2686 1234 2767 principem
1297 2685 1776 2750 daemoniorum
1823 2686 1977 2750 eicit
2021 2684 2373 2750 daemonia.
2416 2687 2511 2750 16.
2559 2684 2646 2748 Et
2690 2684 2803 2749 alii
2835 2688 3150 2766 temptau-

543 2796 661 2874 te8‚
710 2791 956 2874 signum
1005 2790 1083 2854 ab
1133 2809 1207 2854 eo
1255 2791 1649 2871 quaerebant
1692 2790 1772 2854 de
1820 2789 2015 2854 caelo.
2092 2791 2185 2855 17.
2236 2790 2386 2871 Ipse
2432 2793 2664 2868 autem,
2712 2794 2785 2854 ut
2831 2789 2992 2856 uidit
3024 2809 3133 2854 ·c0·

540 2894 887 2979 gitationes
933 2913 1151 2960 eorum
1199 2895 1394 2960 dixit:
1467 2892 1671 2959 Omne
1731 2913 1998 2976 regnum
2066 2895 2133 2958 in
2196 2913 2266 2959 se
2330 2893 2606 2960 diuisum
2668 2894 3017 2974 desolatur,
3084 2902 3151 2960 et

543 3000 765 3065 domus
814 3018 1011 3082 supra
1057 3000 1313 3065 domum
1359 3001 1590 3082 posita,
1640 2999 1834 3064 cadit.
1934 3001 2029 3065 18.
2077 2998 2182 3064 Sic
2228 3005 2294 3063 et
2339 3002 2618 3078 satanas,
2653 3000 2706 3064 si
2740 3000 2806 3063 in
2838 3018 2909 3064 se
2942 2999 3150 3082 ipsum

541 3105 788 3170 diuisus
836 3110 955 3183 est,
1005 3105 1322 3186 quomodo
1370 3104 1566 3170 stabit
1612 3123 1875 3186 regnum
1925 3104 2112 3169 eius?
2203 3103 2352 3183 quia
2401 3103 2639 3182 dicitis,
2688 3105 2982 3185 quoniam
3030 3123 3148 3188 ego

543 3208 608 3273 in
673 3209 964 3274 belzebul
1026 3209 1378 3291 principem
1442 3209 1920 3275 daemoniorum
1982 3209 2142 3276 eicio
2205 3212 2557 3276 daemonia.
2662 3212 2753 3276 19.
2806 3211 2873 3276 Si
2920 3230 3039 3294 ego
3086 3211 3154 3275 in

544 3313 831 3378 belzebul
894 3314 1053 3378 eicio
1101 3314 1452 3397 daemonia,
1500 3312 1614 3378 filii
1662 3320 1860 3379 uestri
1907 3317 1974 3379 111
2020 3334 2145 3397 quo
2190 3314 2483 3380 eiciunt?
2530 3314 2683 3381 Ideo
2731 3315 2853 3395 ipsi
2901 3315 3155 3380 iudices

545 3421 733 3482 erunt
779 3417 999 3483 uestri.
1095 3420 1197 3484 20.
1269 3418 1394 3484 Sed
1442 3420 1496 3483 si
1546 3418 1608 3483 in
1679 3418 1879 3501 digito
1928 3420 2028 3484 dei
2078 3421 2239 3484 eicio
2288 3420 2641 3496 daemonia,
2693 3420 3032 3502 praeuenit
3078 3421 3147 3484 in

543 3540 661 3587 uos
704 3536 968 3607 regnum
1042 3523 1163 3589 dei.
1254 3524 1358 3588 21.
1410 3522 1567 3588 Cum
1616 3522 1804 3590 fortis
1874 3528 2157 3589 armatus
2220 3523 2501 3589 custodit
2546 3525 2778 3590 atrium
2826 3542 3029 3599 suum,
3080 3525 3148 3588 in

542 3648 698 3710 pace
745 3633 900 3695 sunt
943 3648 1038 3712 ea,
1108 3647 1272 3712 quae
1316 3629 1623 3711 possidet.
1693 3631 1796 3694 22.
1846 3629 1914 3696 Si
1960 3634 2174 3694 autem
2221 3628 2447 3695 fortior
2493 3629 2605 3694 illo
2652 3631 3148 3711 superueniens,

542 3733 771 3800 uicerit
795 3753 962 3814 eum,
990 3736 1294 3800 uniuersa
1339 3753 1518 3799 arma
1544 3734 1681 3800 eius
1706 3733 1973 3821 auferet,
2024 3736 2089 3799 in
2124 3736 2354 3816 quibus
2402 3732 2783 3812 confidebat,
2830 3739 2895 3800 et
2940 3736 3150 3816 spolia

543 3839 906 3905 distribuet.
1000 3842 1100 3905 23.
1172 3840 1295 3917 Qui
1341 3859 1467 3904 non
1514 3844 1616 3904 est
1674 3857 1943 3919 mecum,
1992 3841 2333 3905 aduersum
2401 3858 2502 3905 me
2547 3844 2667 3914 est,
2736 3845 2803 3905 et
2862 3840 2970 3922 qui
3018 3858 3146 3904 non

547 3944 790 4026 colligit
834 3963 1101 4023 mecum,
1150 3945 1483 4027 dispargit.
1535 3945 1637 4010 24.
1692 3943 1851 4009 Cum
1916 3950 2130 4011 autem
2176 3946 2537 4011 immundus
2600 3945 2865 4026 spiritus
2913 3946 3149 4011 exierit

547 4049 625 4115 ab
693 4048 973 4129 homine,
1045 4049 1327 4116 ambulat
1393 4069 1507 4132 per
1574 4050 1734 4129 loc-a,
1803 4068 1966 4131 quae
2031 4068 2156 4114 non
2227 4049 2466 4115 habent
2510 4069 2760 4132 aquam,
2831 4068 3148 4132 quaerens

547 4154 833 4234 requiem
879 4159 946 4219 et
989 4173 1112 4218 non
1164 4154 1516 4232 inueniens,
1562 4159 1716 4220 tunc
1762 4154 1966 4221 dicet:
2015 4154 2328 4220 Reuertar
2361 4138 2427 4220 in
2460 4158 2734 4234 domum,
2765 4154 2934 4219 unde
2967 4155 3139 4221 exiui

543 4260 647 4325 25.
697 4256 947 4323 Etcum
994 4260 1335 4339 inuenerit,
1385 4259 1669 4325 inueniet
1713 4278 1853 4324 eam
1902 4261 2115 4343 scopis
2161 4262 2522 4326 mundatam
2572 4265 2636 4326 et
2682 4265 2988 4325 ornatam.
3036 4259 3141 4324 26.

542 4362 630 4429 Et
674 4366 824 4428 tunc
871 4362 1051 4427 uadit
1098 4367 1163 4428 et
1211 4364 1489 4430 adsumit
1552 4369 1797 4445 septem
1846 4366 2009 4431 alios
2078 4367 2344 4446 spiritus
2411 4367 2753 4448 nequiores
2813 4383 2883 4430 se
2942 4368 3004 4429 et
3046 4364 3138 4426 in·

544 4487 804 4551 gressus
850 4467 1195 4549 inhabitat3
1262 4475 1327 4534 et
1371 4469 1444 4535 fit
1505 4470 1819 4535 eiusmodi
1882 4470 2158 4536 hominis
2219 4473 2358 4537 uita
2419 4470 2618 4535 multo
2665 4471 2844 4552 peior
2890 4468 3137 4551 prioris.

542 4574 803 4639 Factum
851 4578 951 4639 est
999 4577 1231 4650 autem,
1257 4593 1399 4639 cum
1424 4575 1583 4640 haec
1619 4576 1877 4658 diceret,
1927 4576 2241 4641 extollens
2289 4594 2509 4641 uocem
2556 4577 2869 4657 quaedam
2915 4573 3148 4641 mulier

543 4679 702 4744 dixit
747 4678 876 4743 illi:
928 4679 1167 4744 Beatus
1215 4684 1460 4759 uenter,
1512 4679 1621 4761 qui
1669 4685 1734 4745 te
1782 4682 2087 4761 portauit,
2134 4686 2199 4748 et
2261 4682 2480 4759 ubera,
2526 4699 2691 4763 quae
2737 4679 2989 4747 suxisti.
3039 4680 3149 4746 28.

544 4783 641 4847 Ad
689 4783 801 4848 ille
848 4784 1012 4848 dixit
1057 4784 1136 4847 ad
1184 4803 1328 4850 eos:
1421 4784 1627 4860 Beati,
1677 4786 1789 4865 qui
1855 4786 2124 4849 audiunt
2169 4786 2430 4851 uerbum
2495 4784 2595 4849 dei
2643 4789 2710 4849 et
2753 4785 3152 4852 custodiunt.
