3484 5617
526 519 609 584 10
1250 514 1615 584 Euangelium
1649 515 1950 570 secundum
1990 515 2351 571 Matthaeum.
2973 516 3031 571 Ο.
3068 520 3118 573 8.

524 726 664 809 ipse
709 743 862 789 uero
909 723 1282 791 dormiebat.
1376 726 1477 791 25.
1526 724 1612 791 Et
1655 728 2062 791 accesserunt
2107 724 2407 808 discipuli
2469 724 2609 791 eius
2656 730 2721 789 et
2770 726 3117 790 suscitaue·

523 835 676 896 runt
723 849 864 896 eum
913 830 1236 895 dicentes:
1289 830 1560 910 domine,
1605 830 1811 896 libera
1872 849 2005 911 nos,
2051 831 2356 911 perimus.
2406 832 2508 898 26.
2560 830 2669 897 Ait
2710 830 2839 897 illis
2884 831 3117 897 Jesus:

523 936 676 1019 quid
721 936 930 1002 timidi
978 935 1155 1019 estis,
1204 934 1488 1001 modicae
1551 934 1751 1000 fidei?
1839 936 2016 1001 Tunc
2084 955 2352 1019 surgens
2401 935 2738 1018 imperauit
2800 942 2992 1001 uento
3053 940 3120 1000 et

523 1043 702 1120 mari²
752 1045 817 1105 et
863 1041 1033 1106 facta
1077 1044 1178 1107 est
1224 1040 1654 1123 tranquillitas
1701 1059 1948 1122 magna.
2021 1044 2123 1106 27.
2172 1039 2272 1105 Illi
2320 1045 2526 1108 autem
2577 1042 2861 1108 homines
2906 1041 3119 1107 mirati

525 1151 692 1227 sunt,
749 1146 1068 1212 dicentes:
1131 1145 1339 1227 qualis
1386 1149 1486 1210 est
1531 1145 1654 1220 hic,
1730 1144 1900 1227 quod
1970 1147 2144 1211 uenti
2194 1151 2258 1210 et
2304 1166 2479 1212 mare
2527 1147 2881 1212 obaudiunt
2923 1147 3118 1211 eum‘?

524 1254 629 1321 28.
675 1252 764 1317 Et
810 1270 950 1317 cum
996 1252 1281 1316 uenisset
1325 1255 1504 1316 trans
1548 1250 1784 1316 fretum
1831 1252 1894 1316 in
1949 1253 2273 1333 regionem
2343 1251 2829 1336 Gerasenorum,
2899 1270 3118 1317 occur·

529 1360 752 1421 rerunt
798 1357 859 1422 ei
904 1358 1031 1422 duo
1079 1357 1368 1422 homines
1415 1357 1750 1422 daemonia
1794 1356 2122 1437 habentes,
2188 1358 2267 1423 de
2309 1358 2733 1423 monumentis
2795 1362 3113 1438 exeunteS,

524 1462 1122 1543 ,nimispericulosi‚
1169 1462 1259 1526 ita
1306 1466 1379 1527 ut
1424 1480 1603 1527 nemo
1649 1463 1855 1544 possit
1898 1463 2172 1529 transire
2219 1480 2333 1542 per
2379 1464 2551 1527 uiam
2601 1462 2794 1528 illam.
2885 1462 2986 1527 29.
3033 1462 3119 1525 Et

526 1567 884 1632 clamabant
929 1567 1256 1632 dicentes:
1328 1567 1482 1647 quid
1528 1567 1709 1632 nobis
1756 1572 1821 1632 et
1866 1566 1977 1631 tibi
2047 1566 2227 1649 Jesu‚
2288 1565 2379 1632 fili
2426 1567 2580 1632 dei?
2671 1568 2921 1633 Uenisti
2971 1572 3119 1631 ante

523 1677 774 1753 tempus
819 1675 1124 1753 torquere
1169 1670 1334 1736 nos?
1379 1672 1482 1737 30.
1530 1671 1693 1736 Erat
1738 1678 1953 1737 autem
2003 1691 2126 1738 non
2172 1671 2359 1754 longe
2404 1673 2482 1737 ab
2529 1673 2623 1739 eis
2685 1691 2838 1754 grex
2898 1690 3117 1752 porco·

521 1796 661 1842 rum
710 1775 1049 1841 multorum
1095 1775 1514 1856 pascentium.
1606 1779 1708 1843 31.
1782 1778 2140 1842 Daemones
2186 1783 2398 1843 autem
2463 1776 2774 1858 rogabant
2819 1795 2963 1841 eum
3026 1777 3116 1840 di-

524 1888 775 1947 centes:
810 1882 864 1946 si
896 1880 1052 1948 eicis
1083 1898 1218 1959 nos,
1247 1881 1425 1947 mitte
1450 1901 1566 1947 nos
1592 1881 1655 1946 in
1681 1901 1977 1965 graegem
2003 1901 2355 1964 porcorum.
2381 1885 2483 1949 32.
2511 1883 2597 1947 Et
2621 1883 2712 1948 ait
2734 1881 2865 1946 illis
2889 1881 2929 1946 J
2934 1900 3117 1947 esus:

521 1989 639 2053 Ite.
688 1988 788 2052 Ad
832 1987 923 2053 illi
967 1992 1277 2053 exeuntes
1321 1985 1614 2053 abierunt
1652 1990 1717 2053 in
1762 2006 1989 2070 porcos
2024 1995 2089 2053 et
2112 2007 2260 2054 ecce
2302 1988 2540 2069 impetu
2582 1987 2737 2053 abiit
2762 1992 2939 2053 totus
2963 2004 3116 2067 grex

521 2093 629 2159 ille
653 2111 770 2174 per
799 2111 1106 2174 praeceps
1133 2094 1197 2157 in
1236 2111 1411 2157 mare
1442 2097 1508 2157 et
1531 2093 1767 2158 mortui
1808 2094 2047 2159 suntin
2073 2093 2277 2174 aquis.
2321 2094 2425 2159 33.
2453 2092 2559 2156 Hii
2601 2097 2814 2158 autem
2854 2093 2965 2174 qui
3007 2110 3117 2157 eos

420 2249 423 2252 -
522 2198 868 2280 pascebant
899 2197 1239 2280 fugierunt,
1275 2204 1341 2262 et
1375 2198 1707 2264 uenientes
1741 2197 1806 2262 in
1840 2199 2127 2279 ciuitate,
2172 2199 2630 2264 nontiauerunt
2685 2198 2897 2262 omnia
2927 2202 2992 2262 et
3037 2197 3119 2262 de

519 2304 639 2382 his,
667 2302 774 2384 qui
801 2302 1132 2368 daemonia
1163 2302 1499 2368 habebant.
1546 2305 1650 2370 34.
1678 2303 1765 2369 Et
1811 2322 1958 2370 ecce
2003 2309 2139 2369 tota
2204 2304 2433 2369 ciuitas
2468 2305 2626 2369 exiit
2654 2302 2905 2368 obuiam
2942 2303 3117 2386 Jesu,

521 2412 588 2472 et
629 2409 769 2472 uiso
815 2426 891 2473 eo
934 2406 1247 2488 rogabant
1293 2426 1458 2486 eum,
1508 2413 1579 2473 ut
1622 2409 1931 2473 transiret
1975 2426 2013 2472 a
2056 2406 2290 2474 finibus
2334 2428 2571 2474 eorum.

725 2722 858 2790 lx.
910 2726 965 2788 1.
1032 2722 1119 2788 Et
1164 2723 1513 2789 ascendens
1561 2724 1623 2789 in
1669 2722 1969 2789 nauicula
2015 2722 2461 2789 transfretauit
2505 2729 2572 2789 et
2619 2724 2794 2789 uenit
2840 2724 2903 2788 in
2953 2722 3113 2787 ciui-

520 2835 733 2894 tatem.
773 2832 831 2895 2.
865 2830 950 2894 Et
981 2848 1145 2909 ecce,
1171 2829 1542 2911 optulerunt
1571 2830 1630 2893 ei
1663 2829 2079 2912 paralyticum
2113 2830 2426 2894 iacentem
2461 2830 2521 2893 in
2551 2828 2737 2894 lect0.
2780 2828 2866 2893 Et
2897 2829 3120 2893 uidens

517 2936 713 3001 Jesus
758 2932 948 3000 fidem
993 2934 1245 3000 illorum
1296 2935 1455 3000 dixit
1493 2935 1882 3019 paralytico:
1948 2940 2246 3001 constans
2295 2939 2455 3013 est0‚
2504 2932 2614 3013 fili,
2663 2934 2929 2999 remissa
2973 2938 3123 2998 suut

516 3041 634 3106 tibi
682 3045 947 3122 peccata
992 3044 1120 3105 tua.
1191 3043 1251 3107 3.
1301 3040 1571 3117 Quidam
1621 3047 1834 3105 autem
1881 3059 1960 3104 ex
2005 3040 2235 3104 scribis
2283 3040 2584 3103 dixerunt
2628 3040 2794 3105 intra
2840 3057 2945 3103 se:
2995 3036 3118 3103 Hic

516 3145 936 3226 blasphemat.
1029 3149 1089 3212 4.
1157 3146 1242 3210 Et
1288 3164 1426 3210 cum
1475 3146 1747 3210 uidisset
1791 3145 1986 3212 Jesus
2046 3144 2468 3226 cogitationes
2514 3163 2729 3209 eorum
2777 3143 2969 3209 dixit:
3031 3142 3121 3207 Ut

521 3252 673 3332 quid
721 3250 1020 3330 cogitatis
1065 3251 1233 3316 mala
1280 3250 1344 3315 iu
1394 3251 1693 3316 cordibus
1741 3250 2026 3315 uestris?
2102 3249 2160 3314 5.
2210 3248 2376 3326 Quid
2423 3254 2528 3314 est
2571 3248 2826 3314 facilius
2874 3248 3117 3312 dicere:

520 3356 782 3421 dimissa
843 3360 990 3420 sunt
1042 3362 1320 3439 peccata,
1384 3361 1494 3420 aut
1556 3355 1811 3420 dicere:
1879 3373 2071 3438 surge
2132 3357 2201 3418 et
2245 3353 2541 3420 ambula?
2631 3357 2689 3420 6.
2768 3352 2861 3419 Ut
2904 3353 3120 3417 sciatis

520 3464 750 3535 autem,
797 3461 1094 3542 quoniam
1145 3457 1312 3524 filius
1359 3458 1636 3525 hominis
1677 3459 1870 3524 habet
1916 3464 2297 3542 potestatem
2367 3461 2429 3523 in
2477 3465 2709 3525 terram
2760 3457 3121 3524 dimittendi

521 3574 782 3645 peccata
833 3603 904 3611 -
956 3570 1108 3631 tunc
1159 3566 1252 3629 ait
1297 3564 1678 3646 paralytico:
1751 3583 1956 3647 surge,
2024 3564 2179 3629 tolle
2225 3563 2458 3628 lectum
2504 3569 2681 3630 tuum
2736 3568 2799 3628 et
2849 3564 3009 3628 uade
3055 3563 3121 3627 iu

524 3671 778 3735 domum
824 3675 1000 3736 tuam
1115 3672 1169 3733 7.
1220 3669 1304 3733 Et
1349 3669 1627 3736 surrexit
1672 3675 1739 3734 et
1782 3669 1942 3735 abiit
1989 3669 2050 3733 in
2101 3669 2351 3734 domum
2398 3687 2595 3733 suam.
2688 3669 2744 3733 8.
2795 3668 2935 3732 Hoc
2981 3668 3121 3733 uiso

518 3774 746 3840 turbae
793 3776 1142 3840 timuerunt
1205 3779 1271 3839 et
1314 3773 1898 3840 honorificaberunt
1958 3775 2161 3857 deum,
2227 3776 2336 3855 qui
2396 3778 2636 3838 tantam
2698 3774 2875 3838 dedit
2921 3774 3120 3839 homi-

519 3878 706 3945 nibus
756 3885 1152 3963 potestatem.
1202 3881 1261 3945 9.
1315 3880 1400 3946 Et
1448 3899 1588 3945 cum
1633 3882 1940 3946 transiret
1987 3879 2135 3944 inde
2182 3878 2394 3959 Jesu8‚
2443 3878 2605 3944 uidit
2653 3877 2970 3943 hominem
3022 3898 3121 3946 se—

522 3986 773 4050 dentem
821 3987 886 4050 in
933 3985 1251 4063 taeloneo,
1330 3985 1690 4050 Mattheum
1736 3986 2007 4049 nomine.
2086 3984 2172 4049 Et
2218 3986 2308 4049 ait
2352 3984 2479 4048 illi:
2530 4002 2797 4066 sequere
2843 4003 2964 4049 me.
3034 3984 3121 4049 Et

521 4109 789 4174 surgens
837 4096 1098 4155 secutus
1144 4096 1243 4157 est
1276 4110 1440 4155 eum.
1496 4092 1592 4156 10.
1641 4091 1727 4156 Et
1760 4091 1996 4155 factum
2044 4095 2145 4156 est
2174 4090 2585 4155 recumbente
2632 4089 2803 4155 eoin
2838 4090 3114 4173 domum,

522 4216 669 4262 ecce
715 4195 899 4261 multi
945 4195 1271 4276 publicani
1321 4201 1386 4260 et
1417 4200 1794 4277 peccatores
1826 4200 2143 4259 uenerunt
2187 4199 2253 4260 et
2284 4194 2738 4261 recumbebant
2786 4193 3120 4274 cum'Jesu

523 4307 589 4367 et
638 4320 780 4367 cum
829 4299 1167 4382 discipulis
1214 4302 1371 4367 eius.
1439 4305 1538 4366 11.
1586 4301 1673 4366 Et
1715 4300 2011 4366 uidentes
2058 4299 2388 4365 Pharisaei
2444 4300 2742 4365 dicebant
2786 4301 3122 4384 discipulis

521 4408 706 4473 eiusz·
744 4424 939 4488 quare
987 4406 1290 4489 magister
1320 4412 1541 4473 uester
1575 4426 1713 4472 cum
1751 4405 2106 4489 publicanis
2153 4409 2220 4471 et
2260 4406 2701 4489 peccatoribus
2731 4406 3122 4471 manducat?

528 4514 624 4578 12.
679 4512 759 4576 At
802 4509 996 4577 Jesus
1043 4510 1309 4577 audiens
1354 4510 1477 4576 ait:
1527 4509 1672 4576 Non
1718 4516 1820 4576 est
1864 4529 2023 4592 opus
2069 4512 2242 4577 sanis
2287 4511 2591 4593 medicu8‚
2640 4510 2754 4575 sed
2799 4509 2965 4586 male
3011 4510 3122 4575 ha·

518 4616 834 4683 bentibus.
932 4617 1029 4683 13.
1092 4616 1338 4682 Eu‘ntes
1384 4620 1621 4696 autem,
1683 4615 1913 4682 discite
1974 4615 2125 4696 quid
2172 4615 2288 4680 sit:
2387 4615 2894 4681 Misericordiam
2954 4613 3120 4694 uolo,

522 4727 588 4787 et
616 4740 761 4788 non⁴
789 4719 1188 4788 sacrificium.
1235 4719 1379 4788 Non
1427 4724 1572 4789 ueni
1602 4740 1837 4788 uocare
1883 4722 2084 4786 iustos
2117 4722 2231 4787 sed
2263 4725 2651 4801 peccatores.
2691 4721 2788 4785 14.
2840 4719 2922 4783 Et
2967 4725 3121 4785 tunc

521 4831 933 4894 accesserunt
982 4828 1254 4893 adeum
1301 4828 1598 4912 discipuli
1643 4827 1975 4893 Johannes
2024 4827 2341 4893 dicentes:
2398 4844 2595 4907 quare
2629 4845 2744 4892 nos
2788 4832 2855 4890 et
2900 4825 3124 4891 Phari·
