3484 5617
353 503 413 578 03,
449 511 496 559 8,
1136 503 1495 572 Euangelium
1534 504 1833 559 secundum
1875 506 2177 565 Lucanum.
2872 513 2956 576 93

352 717 494 799 quis
541 734 640 781 me
671 714 930 799 tetigit?
997 716 1104 782 46.
1150 716 1246 780 Ad
1297 716 1487 782 Jesus
1537 717 1731 782 dixit:
1794 717 2038 800 Tetigit
2080 737 2181 782 me
2230 718 2484 803 aliquis,
2535 739 2674 785 nam
2724 725 2789 784 et
2834 740 2950 802 ego

353 822 621 903 cognoui
670 822 980 885 uirtutem
1028 821 1108 885 de
1154 840 1254 886 me
1300 823 1529 886 exisse.
1593 823 1696 888 47.
1768 821 2010 887 Uidens
2058 830 2267 888 autem
2320 824 2565 901 mulier,
2635 827 2787 906 quia
2833 843 2955 890 non

350 927 540 992 latuit
585 925 785 1006 illum,
851 927 1030 991 uenit
1075 926 1307 990 timens
1368 932 1435 991 et
1482 927 1758 1008 procidit
1818 935 1966 992 ante
2012 929 2209 1009 pedes
2271 928 2464 1004 illius,
2527 934 2594 993 et
2639 929 2717 994 ob
2765 948 2953 1010 quam

352 1049 605 1097 causam
668 1030 958 1112 tetigerit
1014 1031 1211 1109 illum,
1289 1032 1596 1097 indicabit
1656 1050 1868 1097 coram
1939 1033 2249 1112 omnibus,
2312 1038 2378 1098 et
2422 1033 2950 1114 quemadmodum

356 1136 684 1202 confestim
734 1140 959 1201 sanata
1005 1143 1121 1200 est.
1171 1137 1277 1201 48.
1326 1135 1426 1201 Ad
1476 1136 1615 1218 ipse
1664 1137 1826 1201 dixit
1871 1136 2000 1202 illi:
2051 1137 2231 1217 Filia,
2282 1136 2438 1202 fides
2468 1144 2579 1202 tua
2609 1143 2674 1203 te
2706 1140 2952 1203 saluam

359 1241 544 1320 fecit3
606 1241 770 1306 uade
817 1240 881 1303 in
931 1259 1108 1323 pace.
1159 1241 1261 1304 49.
1310 1240 1537 1305 Adhuc
1582 1242 1694 1307 illo
1740 1243 2058 1323 loquente,
2118 1243 2299 1307 uenit
2344 1263 2380 1307 a
2431 1243 2720 1325 principe
2767 1263 2953 1326 syna·

360 1364 558 1427 gogae
603 1347 816 1411 dicens
850 1347 930 1427 ei,
965 1347 1116 1426 quia
1150 1350 1399 1410 mortua
1431 1351 1529 1411 est
1560 1333 1694 1411 filia
1731 1395 1745 1408 .
1783 1397 1795 1410 .
1835 1399 1847 1412 .
1895 1347 2023 1412 noli
2061 1365 2310 1412 uexare.
2362 1349 2464 1415 50.
2515 1347 2705 1412 Jesus
2736 1353 2948 1412 autem

358 1450 574 1515 audito
632 1450 752 1515 boc
812 1451 1029 1530 uerb0,
1094 1452 1186 1515 ait
1246 1455 1415 1533 patri
1476 1452 1764 1533 puellae:
1836 1452 1983 1517 Noli
2046 1455 2290 1532 timere,
2339 1454 2525 1518 crede
2572 1458 2839 1531 tautum,
2886 1459 2951 1518 et

355 1555 535 1619 salua
579 1557 723 1621 erit.
793 1558 896 1622 51.
944 1556 1029 1621 Et
1078 1576 1219 1620 cum
1266 1560 1554 1623 uenisset
1602 1558 1874 1635 domum,
1939 1576 2062 1622 non
2110 1559 2405 1640 permisit
2452 1560 2688 1623 intrare
2737 1577 2948 1624 secum

351 1678 752 1743 quemquam,
800 1662 922 1726 nisi
968 1661 1219 1726 Petrum
1254 1668 1316 1728 et
1351 1663 1704 1727 Johannem
1737 1667 1804 1726 et
1835 1662 2138 1727 Jacobum
2172 1668 2236 1728 et
2285 1669 2528 1744 patrem
2579 1669 2641 1727 et
2686 1671 2951 1728 matrem

348 1764 619 1846 puellae.
667 1767 772 1830 52.
821 1766 1092 1832 Flebant
1139 1775 1350 1832 autem
1398 1786 1615 1832 omnes
1659 1773 1726 1833 et
1774 1768 2159 1849 plangebant
2203 1768 2395 1832 illam.
2447 1767 2547 1832 Ad
2593 1768 2701 1834 ille
2748 1769 2949 1837 dixit:

349 1868 567 1934 Nolite
590 1868 765 1950 flere,
793 1890 914 1936 non
940 1875 1040 1936 est
1061 1877 1333 1947 mortua,
1366 1871 1478 1936 sed
1510 1871 1770 1936 dormit.
1819 1873 1921 1938 53.
1956 1872 2042 1936 Et
2073 1871 2447 1936 deridebant
2478 1890 2620 1936 eum
2648 1873 2950 1950 scienteS,

350 1974 516 2054 quod
552 1982 799 2042 mortua
829 1981 1019 2041 esset.
1069 1976 1169 2041 54.
1218 1977 1365 2057 Ipse
1397 1980 1610 2041 autem
1640 1980 1871 2042 tenens
1906 1993 2155 2039 manum
2188 1976 2323 2042 eius
2359 1978 2657 2042 clamauit
2688 1976 2947 2044 dicens:

348 2078 578 2161 puella,
605 2098 811 2163 surge.
848 2081 949 2148 55.
972 2081 1056 2145 Et
1081 2083 1395 2146 conuertit
1419 2082 1712 2162 spiritum
1738 2083 1897 2162 eius,
1928 2086 1993 2146 et
2018 2082 2294 2147 surrexit
2326 2082 2643 2159 continno;
2673 2085 2739 2147 et
2766 2082 2954 2147 iussit

348 2183 442 2248 illi
493 2184 628 2249 dari
676 2187 1078 2251 manducare.
1152 2186 1255 2253 56.
1319 2186 1406 2250 Et
1458 2191 1846 2267 stupuerunt
1904 2194 2210 2267 parentes
2271 2188 2427 2265 eius,
2477 2187 2709 2269 quibus
2771 2207 2950 2270 prae·

348 2290 537 2372 cepit,
598 2307 679 2354 ne
728 2290 917 2355 alicui
963 2290 1270 2368 dicerent,
1320 2292 1490 2374 quod
1535 2290 1770 2356 factum
1820 2295 1939 2355 est.

554 2502 684 2570 lx.
741 2507 792 2566 1.
843 2500 1233 2569 Gonuocatis
1281 2508 1493 2569 autem
1539 2503 1684 2567 XII.
1735 2503 2067 2582 discipulis
2116 2503 2249 2568 suis
2284 2501 2458 2566 dedit-
2490 2502 2617 2568 illis
2643 2503 2950 2567 uirtutem

349 2615 414 2674 et
456 2613 839 2689 potestatem
889 2626 1083 2690 super
1130 2609 1339 2673 omnia
1386 2609 1734 2683 daemonia,
1786 2613 1851 2670 et
1898 2612 1968 2671 ut
2013 2607 2354 2688 languores
2387 2611 2705 2671 curarent.
2754 2609 2813 2671 2.
2862 2608 2951 2673 Et

349 2714 520 2778 misit
578 2713 724 2778 illos
786 2715 1160 2794 praedicare
1221 2730 1481 2792 regnum
1546 2712 1648 2775 dei
1705 2716 1770 2776 et
1816 2729 2048 2775 sanare
2099 2709 2398 2774 infirmos.
2493 2711 2551 2775 3.
2599 2711 2686 2775 Et
2733 2710 2822 2775 ait
2868 2712 2947 2776 ad

350 2819 526 2884 illos:
574 2818 749 2883 Nihil
795 2819 1079 2883 tuleritis
1125 2818 1187 2881 in
1238 2819 1343 2881 uia
1387 2834 1594 2897 neque
1620 2816 1884 2897 uirgam,
1933 2834 2137 2895 neque
2183 2832 2419 2896 peram,
2466 2833 2674 2895 neque
2721 2815 2948 2880 calcia-

348 2928 579 2999 menta,
641 2941 845 3004 nequo
890 2941 1138 3003 panem,
1201 2937 1408 3002 neque
1453 2922 1808 3002 pecuniam,
1882 2938 2085 3000 neque
2134 2920 2293 2984 duas
2340 2920 2590 2984 tunicas
2639 2970 2653 2984 .
2705 2971 2719 2985 .
2771 2971 2784 2984 .
2837 2922 2947 2987 .is.

349 3029 409 3092 4.
455 3028 542 3092 Et
583 3029 647 3092 in
694 3046 1155 3108 quamcumque
1202 3026 1453 3092 domum
1502 3026 1920 3104 intraueritiS,
1992 3025 2087 3088 ibi
2131 3028 2403 3100 manete,
2452 3029 2519 3088 et
2565 3025 2713 3089 inde
2760 3022 2947 3106 profi-

355 3132 671 3197 ciscimini.
720 3133 778 3197 5.
827 3132 913 3196 Et
959 3132 1344 3212 quicumque
1391 3149 1515 3194 non
1562 3130 1923 3211 receperint
1971 3148 2106 3205 uOS,
2199 3130 2507 3194 exeuntes
2556 3131 2635 3193 de
2681 3130 2948 3197 ciuitate

352 3236 478 3315 illa,
555 3239 742 3302 etiam
816 3237 1146 3319 puluerem
1218 3241 1500 3302 uestrum
1573 3236 1650 3299 de
1712 3234 1982 3318 pedibus
2044 3236 2323 3300 excutite
2385 3234 2449 3297 in
2510 3233 2946 3301 testimonium

350 3359 543 3423 supra
589 3341 751 3408 illos.
802 3345 841 3408 6
849 3389 1118 3405 .....
1169 3346 1382 3406 autem
1434 3392 1446 3405 .
1498 3389 1511 3402 .
1565 3388 1576 3403 .
1629 3390 1641 3404 .
1692 3359 1809 3421 per
1855 3340 2124 3406 castella
2170 3345 2236 3404 et
2282 3339 2577 3404 ciuitates
2622 3339 2947 3419 euangeli-

346 3451 565 3512 zantes
611 3450 676 3512 et
722 3450 1034 3512 curantes.
1104 3449 1159 3510 7.
1212 3435 1481 3510 Audiuit
1525 3449 1735 3509 autem
1787 3444 2075 3510 Herodes
2116 3442 2459 3522 tetrarcha,
2515 3462 2949 3525 quaecumque

345 3555 533 3616 erant
575 3551 761 3634 facta,
809 3556 876 3615 et
915 3550 1457 3629 consternabatur,
1483 3568 1557 3615 eo
1585 3550 1754 3631 quod
1782 3550 2105 3614 diceretur
2150 3568 2189 3612 a
2214 3548 2610 3630 quibusdam,
2663 3550 2724 3614 8.
2774 3549 2945 3629 quod

343 3656 675 3722 ‚Iohannes
720 3657 998 3721 surrexit
1065 3675 1102 3718 a
1147 3656 1433 3733 mortuiS,
1504 3675 1541 3718 a
1606 3653 1984 3736 quibusdam
2048 3660 2277 3727 autem,
2355 3651 2520 3733 quod
2569 3651 2792 3717 Helias
2838 3670 2947 3731 ap·

345 3761 581 3842 paruit,
630 3763 709 3827 ab
757 3762 898 3826 aliis
926 3766 1159 3835 autem,
1209 3760 1378 3841 quod
1425 3759 1737 3840 propheta
1785 3778 1944 3824 unus
1970 3759 2050 3822 de
2076 3758 2355 3837 antiquis
2379 3755 2678 3819 surrexit.
2726 3756 2785 3819 9.
2837 3756 2946 3820 Ait

348 3873 558 3932 autem
615 3866 938 3932 Herodes:
1002 3864 1336 3929 Johannen
1397 3882 1515 3947 ego
1588 3864 1924 3930 decollaui.
1973 3863 2094 3927 Hic
2163 3863 2306 3942 quis
2352 3866 2470 3938 est,
2534 3860 2612 3923 de
2657 3877 2781 3940 quo
2829 3878 2944 3940 ego

344 3972 534 4036 audio
580 3971 787 4037 talia?
832 3972 919 4035 Et
963 3971 1312 4052 quaerebat
1357 3969 1534 4033 illum
1584 3969 1820 4034 uidere.
1896 3969 1993 4033 10.
2044 3967 2129 4031 Et
2171 3965 2418 4030 reuersi
2463 3963 2756 4047 apostoli,
2803 3982 2945 4027 nar-

346 4076 788 4156 raueruntilli,
840 4094 1276 4157 quaecumque
1305 4075 1605 4154 fecerant,
1654 4079 1718 4139 et
1765 4073 2121 4155 adsumptis
2168 4071 2317 4147 illis,
2366 4069 2634 4134 secessit
2659 4086 2946 4133 seorsum

344 4182 406 4245 in
457 4181 658 4245 locum
708 4181 1058 4258 desertum,
1130 4180 1296 4261 quod
1346 4185 1446 4243 est
1490 4180 1814 4244 Betsaida.
1914 4183 2010 4241 ll.
2062 4176 2244 4255 Quod
2306 4193 2446 4239 cum
2494 4173 2949 4257 cognouissent

343 4285 587 4359 turbae,
637 4288 839 4350 secuti
885 4291 1035 4349 sunt
1066 4284 1263 4361 illum,
1311 4289 1376 4347 et
1424 4285 1674 4364 excepit
1723 4284 1865 4347 illos
1912 4286 1976 4348 et
2024 4281 2403 4362 loquebatur
2447 4279 2576 4343 illis
2623 4279 2704 4344 de
2749 4296 2947 4360 regno

344 4389 468 4466 dei,
515 4395 579 4453 et
625 4410 753 4469 eos,
817 4391 924 4472 qui
973 4407 1130 4453 cura
1180 4389 1312 4452 indi
1362 4439 1375 4453 .
1428 4439 1441 4453 .
1494 4439 1507 4454 .
1559 4437 1570 4449 .
1657 4391 1751 4452 12.
1802 4387 2068 4451 sanabat
2117 4435 2127 4446 .
2182 4434 2196 4451 .
2247 4437 2259 4449 .
2310 4432 2324 4447 .
2386 4389 2599 4450 autem
2649 4387 2951 4464 coeperat

345 4494 684 4559 declinare.
776 4496 863 4559 Et
930 4498 1339 4558 accesserunt
1405 4494 1483 4558 ad
1553 4511 1696 4556 eum
1766 4492 1909 4557 XII.
1979 4489 2277 4572 discipuli
2346 4495 2416 4554 et
2476 4489 2774 4554 dixerunt
2819 4489 2946 4555 illi:

346 4599 614 4664 Dimitte
659 4599 933 4681 turbam,
984 4605 1056 4664 ut
1101 4602 1251 4663 eant
1296 4598 1468 4662 circa
1515 4594 1800 4674 castella,
1849 4599 1912 4660 et
1960 4595 2148 4659 uillas
2193 4600 2259 4658 et
2303 4592 2591 4658 reficiant
2636 4612 2704 4657 se
2750 4599 2816 4658 et
2852 4594 2946 4658 in-

345 4704 609 4770 ueniant
654 4723 871 4782 escas;
942 4704 1094 4785 quia
1140 4703 1244 4767 hic
1290 4702 1354 4766 in
1402 4701 1539 4767 loco
1588 4702 1843 4765 deserto
1890 4716 2128 4764 sumus.
2203 4700 2279 4762 13
2286 4745 2560 4762 .....
2609 4703 2821 4762 autem
2866 4697 2947 4763 ad

475 4857 489 4874 .
540 4861 550 4873 .
603 4811 753 4875 date
816 4807 947 4874 illis
1005 4809 1389 4874 manducare
1453 4824 1584 4872 uos».
1680 4804 1778 4869 Ad
1839 4802 1934 4868 illi
1981 4803 2311 4867 dixerunt:
2382 4801 2524 4869 Non
2569 4806 2722 4868 sunt
2764 4803 2947 4869 nobis
