3484 5617
237 474 295 527 C.
334 481 382 528 6.
958 471 1319 552 Euangelium
1356 471 1656 528 secundum
1698 471 1967 525 Marcum.
2719 474 2832 537 127

237 685 321 748 Et
369 703 508 748 cum
554 684 860 750 intrasset
906 682 1037 749 filia
1081 682 1465 748 Herodiadis
1512 687 1576 747 et
1624 683 1929 748 saltasset
1974 687 2041 747 et
2085 682 2432 766 placuisset
2481 683 2718 749 Herodi
2777 687 2845 747 et

237 788 339 855 his
385 787 492 870 qui
535 787 728 854 simul
775 787 1248 865 recumbebant,
1300 788 1462 853 dixit
1503 806 1616 852 rex
1663 786 1959 870 puellae:
2039 787 2195 852 Pete
2244 807 2282 852 a
2325 806 2446 866 me,
2499 787 2668 868 quod
2722 788 2841 866 uiS,

234 899 302 958 et
344 892 512 958 dabo
560 893 719 971 tibi;
791 895 894 958 23.
943 898 1010 959 et
1053 893 1295 957 iurauit
1341 892 1438 958 illi
1482 892 1771 958 mulieri:
1843 891 1993 974 quia
2060 892 2504 972 quodcumque
2554 890 2840 972 petieris,

239 998 404 1064 dabo
447 997 587 1073 tibi,
637 997 829 1063 etiam
867 997 923 1063 si
968 996 1292 1063 dimidium
1342 997 1523 1079 regni
1568 999 1712 1063 mei.
1761 999 1862 1062 24.
1912 997 2089 1062 Exiit
2138 1001 2348 1062 autem
2396 996 2611 1077 puella
2657 1001 2723 1060 et
2748 997 2840 1060 ait

237 1102 428 1168 matri
471 1120 657 1168 suae:
708 1101 872 1181 Quid
921 1102 1021 1167 uis
1069 1106 1139 1166 ut
1186 1104 1443 1183 petam?
1511 1101 1613 1166 Ad
1657 1102 1768 1166 illa
1813 1101 2009 1166 dixit:
2061 1100 2269 1183 Caput
2313 1099 2625 1165 ‚Iohannis
2669 1101 2840 1183 Bap-

240 1209 453 1273 tistae.
518 1207 623 1272 25.
673 1205 959 1288 Cumque
1004 1208 1306 1273 intrasset
1350 1208 1430 1273 ad
1478 1225 1692 1290 regem
1738 1208 1864 1272 ait:
1914 1203 2259 1271 Confestim
2308 1207 2388 1269 da
2441 1205 2596 1270 mihi
2650 1223 2843 1286 super

240 1312 482 1377 discum
553 1317 744 1393 caput
808 1311 1122 1377 Johannis
1189 1312 1546 1396 Baptistae.
1640 1314 1744 1377 26.
1792 1312 1879 1376 Et
1941 1311 2356 1376 contristatus
2420 1328 2533 1373 rex
2581 1313 2842 1391 propter

238 1418 682 1492 iuramentum,
709 1422 773 1482 et
820 1421 1085 1499 propter
1129 1416 1317 1482 simul
1366 1418 1812 1482 recumbentes
1856 1415 2064 1480 noluit
2107 1433 2362 1496 negare,
2433 1415 2535 1479 27.
2585 1420 2652 1479 et
2697 1432 2841 1479 con-

236 1520 450 1586 festim
486 1520 743 1586 mittens
775 1522 1177 1603 speculatore
1225 1521 1373 1605 (sic)
1409 1522 1602 1588 iussit
1646 1522 1885 1587 auferri
1919 1525 2109 1600 caput
2140 1519 2299 1584 eius.
2351 1520 2545 1601 Isque
2580 1518 2739 1583 abiit
2770 1523 2836 1582 et

240 1626 586 1691 decollauit
630 1645 772 1692 eum
820 1625 883 1690 in
932 1645 1209 1704 carcere,
1259 1627 1361 1693 28.
1409 1634 1475 1694 et
1518 1628 1734 1692 attulit
1801 1632 1995 1710 caput
2039 1626 2184 1690 eins
2223 1625 2286 1689 in
2335 1625 2509 1690 disco
2558 1629 2622 1689 ot
2670 1623 2847 1688 dedit

241 1729 514 1811 puellae,
565 1730 779 1812 puella
822 1735 1038 1797 antem
1087 1731 1269 1797 dedit
1312 1730 1474 1797 illud
1518 1733 1704 1798 matri
1753 1750 1925 1798 suae.
1977 1731 2079 1796 29.
2107 1731 2249 1809 Quo
2294 1729 2515 1794 audito
2548 1728 2846 1810 discipuli

239 1835 379 1898 eius
423 1838 739 1901 uenerunt
784 1840 849 1900 et
894 1835 1180 1901 tulerunt
1230 1855 1456 1920 corpus
1481 1838 1620 1902 eius
1653 1842 1720 1902 et
1751 1842 2099 1918 posuerunt
2124 1834 2283 1900 illud
2315 1834 2379 1898 in
2408 1838 2841 1898 monumento.

244 1940 344 2005 30.
391 1939 480 2004 Et
525 1944 963 2025 conuenerunt
1006 1941 1281 2022 apostoli
1327 1942 1410 2006 ad
1454 1940 1677 2005 Jesum
1725 1945 1791 2005 et
1835 1939 2370 2004 renuntiauerunt
2400 1939 2632 2018 omnia,
2680 1956 2843 2019 qnae

242 2040 529 2108 fecerant
590 2049 656 2109 et
703 2044 1067 2110 docuerant.
1130 2046 1234 2129 31.
1298 2044 1384 2110 Et
1429 2047 1521 2110 ait
1565 2045 1693 2110 illis
1738 2044 1780 2109 J
1789 2064 1966 2110 esus:
2037 2045 2272 2112 Uenite
2320 2060 2438 2107 uos
2484 2047 2732 2108 secreto
2779 2043 2843 2107 in

244 2147 562 2213 desertum
623 2148 852 2228 locum,
915 2153 983 2213 et
1026 2150 1409 2230 requiescite
1468 2149 1792 2231 pusillum.
1885 2150 2088 2215 Erant
2148 2150 2314 2214 enim
2380 2148 2490 2229 qui
2549 2147 2729 2213 ibant
2775 2164 2847 2212 ac

243 2253 539 2318 redibant
561 2253 767 2332 multi,
815 2259 881 2316 et
927 2272 1046 2318 nec
1093 2254 1514 2319 manducandi
1563 2255 1841 2337 spatium
1888 2254 2227 2320 habebant.
2275 2255 2378 2320 32.
2428 2252 2516 2317 Et
2545 2251 2845 2317 abierunt

244 2358 308 2420 in
356 2356 671 2422 desertum
718 2357 928 2422 locum
973 2363 1244 2424 secreto.
1295 2362 1393 2425 33.
1445 2360 1618 2438 Quos
1664 2365 1736 2425 ut
1781 2360 2080 2425 uiderunt
2111 2365 2360 2437 eunteS,
2410 2363 2848 2439 cognouerunt

246 2461 427 2525 multi
476 2465 542 2526 et
586 2463 921 2545 pedestres
946 2465 1025 2530 ab
1057 2465 1347 2530 omnibus
1381 2466 1754 2531 ciuitatibus
1788 2469 2246 2532 concurrerunt
2291 2465 2377 2530 ibi
2426 2468 2493 2528 et
2538 2481 2847 2528 conuene-

245 2570 399 2630 runt
429 2566 598 2631 illuc.
646 2568 750 2631 34.
783 2568 1107 2650 Egressus
1141 2575 1351 2634 autem
1386 2576 1457 2635 ut
1489 2571 1655 2636 uidit
1684 2572 1949 2636 multam
1984 2571 2238 2635 turbam
2273 2569 2485 2647 Jesus,
2540 2570 2841 2633 misertus

245 2676 346 2734 est
390 2689 583 2750 super
626 2690 757 2754 eos»,
806 2672 914 2753 qui
962 2680 1146 2739 erant
1189 2675 1369 2740 uelut
1401 2694 1554 2742 oues
1599 2695 1727 2740 non
1773 2675 2082 2741 habentes
2129 2681 2471 2756 pastorem,
2521 2678 2585 2738 et
2632 2673 2846 2754 coepit

250 2775 481 2840 docere
528 2774 674 2841 illos
719 2776 939 2841 multa.
988 2781 1090 2844 35.
1140 2779 1226 2843 Et
1272 2798 1413 2844 cum
1460 2782 1588 2845 iam
1637 2781 1793 2846 hora
1840 2779 2045 2857 fieret,
2092 2783 2503 2846 accesserunt
2551 2777 2847 2861 discipuli

246 2881 387 2944 eius
432 2880 719 2945 dicentes
764 2882 864 2948 ei:
937 2883 1102 2961 Quia
1147 2883 1442 2951 desertus
1488 2886 1666 2951 locus
1711 2891 1833 2969 est,
1896 2890 1961 2951 et
2009 2886 2167 2950 hora
2213 2887 2338 2949 iam
2387 2884 2737 2967 praeteriit,
2784 2889 2852 2948 et

249 2985 399 3066 quia
459 2985 698 3050 multae
757 2985 988 3051 turbae
1050 2993 1215 3069 sunt,
1284 2993 1387 3056 36.
1460 2990 1708 3056 dimitte
1772 2990 1936 3068 illos,
2004 2997 2079 3054 ut
2139 2995 2363 3054 euntes
2410 2990 2475 3054 in
2522 2989 2850 3072 proximas

251 3088 440 3154 uillas
487 3093 556 3154 et
602 3090 870 3156 castella
932 3098 1144 3158 emant
1206 3093 1327 3159 sibi
1389 3114 1643 3177 panem,
1714 3096 1888 3177 quod
1935 3081 2335 3172 manducent,
2385 3095 2531 3174 quia
2577 3094 2681 3158 hic
2724 3111 2850 3158 non

248 3193 506 3258 habent.
570 3196 672 3259 37.
736 3194 823 3259 Et
882 3197 1277 3279 respondens
1339 3199 1501 3264 dixit
1543 3199 1705 3267 illis:
1779 3199 1927 3264 date
1975 3198 2105 3265 illis
2150 3216 2266 3263 uos
2313 3198 2716 3263 manducare.
2766 3197 2853 3264 Et

251 3298 474 3365 dicunt
521 3301 618 3365 ei:
688 3300 930 3369 Ibimus
976 3308 1043 3368 et
1088 3322 1368 3370 ememus
1437 3306 1719 3372 denariis
1791 3305 2085 3372 ducentis
2155 3321 2353 3386 panes
2421 3308 2486 3367 et
2556 3302 2849 3368 dabimus

248 3403 395 3483 illis,
469 3412 538 3471 ut
585 3405 986 3474 manducent.
1057 3410 1159 3475 38.
1230 3410 1341 3475 Ait
1385 3411 1513 3476 illis
1572 3412 1803 3478 Jesus:
1877 3412 2048 3490 Quot
2117 3427 2311 3491 panes
2373 3408 2670 3473 habetis?
2739 3410 2847 3486 Ite,

250 3509 484 3572 uidete.
536 3508 674 3585 Quo
722 3512 971 3590 cognito
1020 3513 1240 3579 dicunt
1284 3517 1374 3579 ei:
1448 3517 1745 3599 Quinque
1792 3521 1858 3582 et
1905 3516 2061 3581 duos
2106 3516 2333 3598 pisces,
2380 3514 2487 3579 39.
2533 3512 2620 3577 Et
2665 3530 2848 3593 prae·

257 3613 424 3692 cepit
469 3612 598 3677 illis
643 3612 856 3692 JesuS,
905 3621 975 3680 ut
1021 3618 1493 3685 discumberent
1540 3639 1758 3685 omnes
1805 3621 2152 3685 secundum
2202 3617 2620 3684 contubernia
2655 3634 2850 3696 supra

256 3716 528 3779 uiridem
598 3715 868 3782 faenum.
944 3721 1048 3785 40.
1098 3721 1183 3788 Et
1230 3723 1691 3788 discubuerunt
1735 3723 1800 3786 in
1848 3730 2063 3804 partes
2112 3744 2225 3804 per
2273 3726 2579 3788 centenos
2625 3727 2690 3786 et
2737 3739 2850 3801 per

250 3818 747 3902 quinquagenos.
836 3824 942 3889 41.
1011 3825 1097 3890 Et
1164 3830 1445 3907 acceptis
1513 3826 1704 3893 Jesus
1774 3829 2057 3909 quinque
2124 3828 2397 3909 panibus
2465 3831 2532 3891 et
2600 3825 2847 3891 duobus

254 3922 534 4003 piscibus
582 3924 930 4007 inspiciens
977 3930 1040 3994 iu
1089 3932 1335 3998 caelum
1375 3932 1723 4012 benedixit,
1774 3939 1840 3998 et
1886 3933 2082 4016 fregit
2128 3933 2274 3998 illos
2322 3932 2602 4013 quinque
2650 3948 2848 4014 panes

250 4032 318 4092 et
362 4026 920 4115 deditdiscipulis
966 4035 1102 4100 suis
1147 4040 1221 4100 ut
1264 4043 1576 4119 ponerent
1620 4044 1768 4104 ante
1816 4038 1980 4117 illos»,
2054 4044 2119 4103 et
2166 4039 2327 4103 duos
2373 4039 2581 4120 pisces
2630 4036 2853 4102 diuisit

252 4130 547 4198 similiter
613 4135 924 4202 omnibnS.
993 4142 1097 4204 42.
1167 4142 1255 4205 Et
1299 4144 1850 4208 manducauerunt
1918 4162 2139 4209 omnes
2207 4149 2275 4208 et
2342 4142 2615 4207 saturati
2684 4146 2850 4206 sunt.

250 4241 352 4304 43.
404 4238 489 4303 Et
536 4238 823 4305 tulerunt
871 4240 1371 4324 fragmentorum
1423 4249 1727 4330 cophinos
1774 4247 1897 4321 XII
1961 4249 2181 4329 plenos
2250 4265 2496 4313 necnon
2543 4246 2620 4311 de
2667 4246 2856 4328 pisci-

250 4344 387 4409 bus.
452 4344 553 4408 44.
603 4343 807 4409 Erant
851 4354 1062 4414 autem
1122 4353 1234 4433 qui
1280 4354 1831 4420 manducauerunt
1879 4353 1950 4419 V.
2014 4352 2193 4417 milia
2238 4352 2538 4417 uirorum.
2615 4352 2717 4417 45.
2768 4350 2854 4414 Et

250 4450 470 4514 statim
517 4467 832 4530 exurgens
881 4455 1091 4538 coegit
1136 4456 1484 4540 discipulos
1517 4477 1667 4523 suos
1698 4459 2045 4524 ascendere
2091 4461 2157 4523 in
2204 4457 2504 4523 nauicula
2548 4461 2616 4521 et
2662 4473 2850 4537 prae·

251 4554 480 4621 cedere
549 4572 618 4617 se
687 4558 864 4621 trans
927 4557 1160 4627 fretum
1229 4583 1266 4628 a
1339 4562 1674 4646 Bedsaida,
1746 4565 1882 4645 ipse
1944 4569 2155 4628 autem
2226 4562 2473 4626 dimisit
2562 4561 2848 4626 turbam:

249 4662 354 4727 46.
403 4659 490 4723 Et
533 4657 860 4740 profectus
920 4668 999 4731 ab
1047 4669 1162 4748 eis,
1211 4668 1369 4733 abiit
1413 4667 1478 4732 in
1528 4674 1800 4732 montem
1849 4672 1920 4731 ut
1964 4671 2197 4731 oraret.
2247 4668 2352 4733 47.
2400 4666 2486 4729 Et
2519 4684 2655 4731 cum
2703 4682 2849 4730 sero

250 4766 426 4828 esset
469 4761 593 4824 iam
636 4758 896 4848 factum,
957 4775 1099 4836 erat
1166 4774 1335 4838 enim
1397 4773 1581 4854 longe
1644 4771 1943 4837 nauicula
2004 4772 2068 4835 in
2136 4771 2344 4835 medio
2391 4771 2550 4835 mari
2598 4768 2850 4852 etipse
