3484 5617
549 503 635 570 VI

539 718 739 784 mines
785 715 1159 799 uiuifi‘cann
1234 720 1329 795 19,
1418 719 1508 781 13.
1588 719 1664 781 16
1731 717 1975 780 talenta
2024 717 2178 798 (vlg.
2223 720 2429 796 mna);
2504 722 2608 796 23,
2682 721 2721 783 2
2783 723 3137 788 soluentem

531 821 735 905 legem
782 827 1062 887 nostram
1125 825 1184 885 et
1239 817 1605 903 prophetas.
1679 822 1840 887 Mr.
1888 823 1948 901 2,
2025 822 2102 884 14
2148 820 2463 885 Jacobum
2530 822 2700 888 Alfei
2771 827 2907 909 (vlg
2980 826 3135 892 Levi

534 925 764 1009 Alfei);
819 928 916 1003 13,
964 928 1004 989 2
1050 926 1193 990 add.
1242 930 1301 989 et
1345 924 1413 988 in
1458 924 1668 987 triduo
1715 923 1882 988 aliut
1926 925 2338 989 resuscitetur
2380 926 2518 990 sine
2561 928 2871 994 inanibus.

740 1029 1229 1096 Mendosissime
1297 1029 1577 1110 scriptus
1647 1032 1749 1094 est
1796 1028 1992 1093 codex
2056 1029 2326 1093 fortasse
2373 1036 2635 1113 propter
2679 1034 3131 1119 negligentiam

531 1136 798 1200 librarii.
848 1136 903 1200 E
950 1134 1185 1216 quibus
1254 1133 1498 1199 mendis
1565 1132 1849 1197 nonnula
1895 1152 1931 1198 a
1975 1133 2331 1199 Blanchino
2398 1153 2523 1201 non
2592 1137 2845 1204 sublata
2905 1143 2970 1205 in
3016 1142 3134 1207 hac

540 1240 826 1307 editione
874 1243 1161 1305 correcta
1207 1242 1371 1306 sunt.
1422 1235 1662 1303 Notata
1708 1243 1857 1305 sunt
1905 1238 1966 1303 in
2016 1237 2140 1303 fine
2185 1237 2375 1303 huius
2421 1238 2641 1306 libelli.

752 1344 1051 1409 Ceterum
1121 1343 1321 1409 codex
1387 1348 1490 1409 est
1559 1343 1865 1409 mediocri
1936 1362 2087 1408 cura
2155 1350 2544 1422 asseruatus,
2615 1363 2805 1426 quam
2868 1348 2946 1412 ob
2997 1368 3125 1413 rem

536 1453 851 1535 scriptura
916 1453 1204 1529 tempore
1253 1448 1436 1513 edaci
1489 1467 1693 1531 erasa,
1766 1450 1998 1530 partim
2045 1467 2465 1532 nequaquam,
2535 1452 2764 1532 partim
2833 1470 2951 1517 non
3005 1453 3129 1517 nisi

538 1557 738 1622 multo
785 1555 1025 1632 labore,
1074 1554 1196 1634 legi
1224 1557 1455 1635 potest.
1491 1553 1714 1635 Itaque
1747 1554 1849 1618 hic
1872 1553 2148 1633 libellus,
2196 1555 2301 1635 qui
2334 1573 2498 1619 nunc
2535 1555 2870 1635 emittitur,
2915 1555 3129 1620 multis

533 1661 690 1726 locis
735 1659 893 1724 nihil
939 1657 1060 1722 nisi
1107 1661 1354 1722 textum
1402 1658 1704 1723 editionis
1756 1658 2063 1740 principis
2095 1656 2428 1725 Blanchini
2461 1662 2877 1725 retractatum
2918 1677 3129 1723 emen-

535 1767 882 1844 datumque
926 1763 1279 1845 praebebit.

742 1869 951 1932 Antea
999 1866 1354 1949 complures
1398 1867 1853 1933 translationes
1899 1867 2202 1931 librorum
2241 1886 2562 1932 sacrorum
2605 1868 2837 1934 latinas
2899 1867 3130 1932 Hiero-

532 1994 723 2058 nymo
789 1972 1204 2051 uetustioreS,
1274 1991 1397 2053 quo
1490 1973 1882 2054 comparatio
1952 1972 2174 2037 barum
2266 1992 2475 2037 rerum
2556 1972 3127 2054 inuestigatoribus

535 2084 727 2159 esset,
775 2075 1058 2142 edendas
1126 2079 1367 2141 curaui.
1421 2076 1596 2153 Quae
1666 2096 1833 2142 nunc
1881 2075 2171 2142 confecta
2241 2082 2341 2142 est
2392 2077 2589 2143 editio
2656 2075 2929 2141 fontasse
2976 2075 3129 2141 mihi

536 2183 763 2249 ultima
806 2181 1185 2247 erit—iam
1235 2183 1314 2248 75
1358 2200 1561 2247 annos
1606 2186 1796 2247 natus
1843 2201 1980 2247 sum
2032 2215 2108 2227 -—
2161 2198 2356 2260 quare
2404 2167 2656 2247 ueniam
2701 2201 2740 2246 a
2786 2181 3130 2246 lectoribus

536 2294 702 2371 peto,
750 2288 803 2352 si
850 2288 1039 2352 nimis
1081 2287 1317 2352 multas
1361 2286 1623 2352 mendas
1667 2285 2054 2352 inuenerint.

742 2392 986 2469 Restat,
1034 2393 1105 2454 ut
1149 2388 1393 2472 gratias
1462 2410 1648 2471 quam
1719 2390 2032 2455 maximas
2080 2390 2404 2471 praesecto
2461 2389 2883 2456 bibliothecae
2930 2391 3125 2455 Vero-

534 2497 748 2562 nensis
797 2515 913 2578 pro
946 2495 1330 2562 liberalitate
1378 2498 1443 2559 et
1491 2495 1900 2579 benignitate,
1949 2516 2136 2576 quam
2161 2496 2313 2562 mihi
2363 2513 2668 2560 summam
2715 2495 3127 2577 praestiterit,

531 2621 731 2684 agam.
826 2600 957 2665 Nec
1001 2618 1125 2664 non
1170 2618 1360 2682 pares
1407 2598 1653 2682 gratias
1701 2602 2011 2678 omnibus,
2066 2599 2170 2682 qui
2218 2599 2282 2663 in
2327 2599 2446 2664 hoc
2491 2618 2687 2682 opere
2731 2597 2884 2662 mihi
2930 2617 3127 2681 opera

532 2726 649 2773 sua
692 2705 1056 2788 adfuerunt,
1106 2724 1244 2788 ago.

740 2895 1172 2963 christianiae
1217 2913 1435 2962 mense
1480 2896 1672 2961 Junio
1724 2897 1909 2963 1904.

2335 3119 2408 3199 J.
2474 3118 2912 3198 Belsbeim.
