3484 5617
564 495 684 561 108
1333 491 1695 560 Euangelium
1735 490 2041 545 secundum
2077 491 2384 545 Lucanum.
2979 494 3037 549 O,
3077 500 3158 548 17,

767 701 1012 770 xvn.
1089 706 1142 769 1.
1193 703 1373 769 Dixit
1420 710 1634 770 autem
1702 706 1781 769 ad
1831 705 2178 788 discipulos
2226 724 2415 772 suos:
2463 707 2869 788 Impossibile
2916 712 3036 788 est,
3084 712 3157 774 ut

556 829 679 875 non
728 807 992 874 ueniant
1037 810 1366 889 scandala;
1422 816 1857 875 uerumtamen
1905 830 2027 874 uae
2061 810 2177 891 illi,
2226 831 2339 893 per
2386 830 2571 893 quem
2619 812 2900 877 uenient.
2935 815 2991 877 2.
3019 811 3162 878 Uti-

554 916 676 979 lius
722 921 936 980 autem
1005 913 1220 979 fuerat
1288 915 1383 980 illi
1455 934 1535 980 ne
1602 921 1997 995 nasceretur,
2068 920 2180 980 aut
2247 917 2412 998 lapis
2478 917 2739 983 molaris
2801 904 3162 1001 imponatur

554 1020 723 1085 circa
771 1020 999 1086 collum
1052 1021 1224 1085 illius
1271 1025 1336 1085 et
1405 1021 1755 1101 proiciatur
1800 1021 1865 1085 in
1912 1040 2105 1100 mare,
2177 1040 2362 1103 quam
2413 1026 2485 1087 ut
2530 1021 2922 1088 scandalizet
2967 1042 3157 1087 unum

554 1126 633 1191 de
656 1126 906 1208 pusillis
956 1126 1120 1191 istis.
1170 1127 1229 1191 3.
1279 1125 1610 1191 Attendite
1655 1124 1872 1191 uobis:
1924 1127 1981 1191 si
2027 1128 2393 1208 peccauerit
2437 1126 2643 1192 frater
2671 1133 2844 1205 tuus,
2894 1127 3158 1208 increpa

557 1229 755 1308 illum,
805 1234 872 1294 et
916 1232 971 1295 si
1016 1231 1475 1311 paenitentiam
1523 1229 1820 1294 habuerit
1866 1231 2120 1295 dimitte
2167 1230 2281 1296 illi.
2328 1232 2387 1297 4.
2437 1230 2525 1295 Et
2568 1233 2623 1296 si
2656 1231 2897 1313 septies
2942 1233 3005 1296 in
3053 1232 3162 1297 die

557 1335 926 1417 peccauerit
971 1337 1036 1400 in
1084 1339 1168 1414 te,
1230 1340 1295 1399 et
1341 1335 1395 1398 si
1442 1334 1682 1417 septies
1749 1352 2096 1400 conuersus
2158 1334 2359 1401 fuerit
2404 1336 2483 1400 ad
2530 1341 2596 1400 te
2644 1337 2896 1402 dicens:
2945 1336 3160 1419 paeni—

563 1445 659 1504 tet
703 1459 824 1515 me,
890 1441 1139 1506 dimitte
1184 1440 1299 1504 illi.
1367 1442 1425 1507 5.
1491 1440 1578 1505 Et
1624 1440 1923 1505 dixerunt
1986 1440 2081 1506 illi
2144 1441 2453 1523 apostoli:
2516 1441 2808 1524 Domine,
2871 1442 3164 1523 audauge

560 1545 743 1610 nobis
790 1543 998 1611 fidem.
1069 1548 1130 1611 6.
1178 1545 1264 1609 Et
1310 1546 1474 1610 dixit
1537 1545 1708 1611 illis:
1773 1545 1840 1611 Si
1892 1543 2248 1611 habueritis
2309 1544 2497 1611 fidem
2544 1547 2712 1612 sicut
2755 1564 3023 1628 granum
3069 1547 3156 1612 si·

566 1651 769 1732 napis,
820 1650 1118 1717 diceretis
1167 1650 1314 1715 huic
1361 1651 1571 1715 arbori
1619 1668 1825 1715 moro:
1876 1649 2203 1716 eradicere
2244 1654 2309 1715 et
2333 1651 2802 1733 transplantare
2846 1652 2911 1715 in
2958 1669 3157 1730 mare,

568 1755 790 1837 utique
837 1755 1212 1821 obaudisset
1255 1755 1457 1820 uobiS.
1508 1759 1568 1821 7.
1617 1755 1774 1833 Quis
1820 1761 2030 1820 autem
2079 1755 2321 1820 habens
2387 1773 2642 1821 seruum
2711 1760 2998 1821 arantem
3046 1761 3160 1820 aut

757 1913 768 1924 .
843 1857 898 1924 Ο
946 1910 961 1924 .
1016 1913 1029 1927 .
1081 1912 1095 1925 .
1146 1912 1158 1925 .
1210 1866 1457 1925 centem
1504 1910 1518 1924 .
1571 1911 1581 1923 .
1635 1910 1651 1925 .
1700 1908 1714 1922 .
1790 1861 2176 1942 regredienti
2247 1861 2325 1925 de
2394 1879 2565 1943 agro,
2652 1860 2823 1928 dicet
2882 1861 3022 1926 illi:
3095 1861 3157 1925 8.

547 1965 793 2045 Transi
842 1965 1160 2047 recumbe,
1207 1966 1320 2030 sed
1366 1966 1538 2031 dicet
1584 1964 1713 2031 illi·
1767 1984 1920 2048 para
1964 1964 2137 2043 mihi,
2186 1966 2357 2048 quod
2401 1984 2671 2045 cenam,n
2693 1972 2759 2031 et
2804 1966 3156 2048 praecinge

553 2076 619 2136 te
667 2074 733 2134 et
779 2069 1068 2135 ministra
1117 2070 1289 2153 mihi,
1340 2070 1542 2135 donec
1586 2071 1961 2136 manducem
2009 2074 2074 2134 et
2097 2070 2328 2148 bibam,
2376 2075 2444 2134 et
2487 2070 2583 2136 sic
2642 2074 2712 2135 tu
2744 2071 3160 2136 manducabis

556 2181 621 2240 et
668 2173 866 2241 bibes,
917 2178 976 2240 9.
1024 2173 1349 2256 Numquid
1411 2176 1680 2254 gratiam
1729 2173 1921 2239 habet
1969 2193 2157 2239 seruo
2219 2176 2389 2255 quod
2433 2174 2604 2258 fecit,
2669 2194 2831 2258 quae
2877 2175 2997 2240 sibi
3043 2175 3158 2238 im·

557 2287 778 2363 pezata
825 2280 1018 2346 sunt?
1114 2281 1208 2347 10.
1283 2280 1421 2345 Non
1470 2284 1651 2361 put03
1713 2286 1781 2345 et
1827 2299 1941 2345 uos
1991 2299 2131 2344 cum
2197 2280 2499 2364 feceritiS‚
2572 2299 2735 2361 quae
2803 2287 3151 2363 praecepta

560 2391 725 2465 sunt,
776 2386 1021 2452 dicitis:
1094 2386 1267 2449 serui
1335 2384 1600 2450 inutiles
1670 2402 1907 2467 sumuS,
1979 2385 2146 2466 quod
2195 2384 2530 2452 debuimus
2588 2385 2825 2469 facere,
2871 2384 3157 2449 fecimus.

558 2493 654 2557 11.
704 2491 789 2555 Et
835 2490 1070 2557 factum
1118 2495 1238 2570 est,
1310 2491 1458 2555 dum
1509 2489 1917 2556 Hierusalem
1989 2493 2133 2568 iret,
2204 2490 2521 2556 transibat
2565 2510 2681 2573 per
2726 2491 2996 2555 mediam
3043 2488 3157 2554 Sa-

555 2597 836 2677 mariam,
885 2602 950 2662 et
995 2594 1349 2661 Galilaeam
1424 2601 1490 2660 et
1534 2595 1863 2661 Hiericho.
1930 2597 2029 2661 12.
2077 2594 2163 2659 Et
2209 2596 2606 2678 ingrediente
2668 2597 2728 2660 ei
2776 2597 2841 2660 in
2887 2595 3156 2677 quodam

556 2701 841 2780 castello,
889 2706 955 2767 et
1000 2720 1148 2766 ecce
1213 2702 1432 2766 decem
1496 2701 1623 2787 uiri
1685 2701 1924 2784 leprosi
1972 2705 2287 2766 steterunt
2336 2719 2373 2763 a
2417 2699 2625 2783 longe,
2722 2702 2820 2766 13.
2870 2704 2936 2765 et
2981 2700 3153 2765 leua-

552 2811 788 2872 uerunt
835 2825 1052 2872 uocem
1103 2804 1423 2873 dicentes:
1476 2805 1652 2891 Jesu‚
1702 2813 2104 2890 praeceptor,
2169 2808 2478 2871 miserere
2536 2805 2744 2872 nobis.
2835 2807 2935 2871 14.
2983 2805 3157 2882 Quos

552 2916 624 2977 ut
670 2911 834 2976 uidit
881 2912 1068 2977 dixit:
1138 2911 1256 2992 Ite,
1329 2911 1649 2977 ostendite
1719 2931 1837 2976 uos
1884 2911 2342 2976 sacerdotibus.
2417 2910 2504 2976 Et
2548 2909 2783 2977 factum
2831 2913 2950 2987 est,
3000 2911 3146 2974 dum

551 3016 811 3096 uadunt,
861 3017 1150 3081 mundati
1200 3020 1372 3081 sunt.
1425 3016 1524 3081 15.
1550 3015 1734 3081 Unus
1782 3020 1996 3082 autem
2040 3035 2122 3080 ex
2169 3015 2318 3097 illis,
2365 3019 2438 3079 ut
2485 3015 2648 3080 uidit
2692 3016 2843 3098 quia
2890 3016 3158 3080 munda-

547 3126 656 3186 tus
700 3127 819 3201 est,
870 3140 1201 3202 regressus
1269 3127 1369 3186 est
1437 3141 1575 3186 cum
1644 3140 1879 3202 magna
1950 3140 2105 3186 uoce
2153 3118 2567 3202 magnificans
2616 3120 2821 3184 deum.
2920 3123 3021 3186 16.
3069 3118 3157 3184 Et

548 3226 778 3291 cecidit
824 3228 890 3292 in
935 3226 1163 3291 faciem
1207 3231 1358 3291 ante
1403 3226 1601 3307 pedes
1649 3227 1814 3304 eius,
1882 3227 2121 3306 gratias
2190 3244 2388 3306 agens
2434 3227 2514 3307 ei,
2585 3230 2650 3290 et
2710 3224 2815 3289 hio
2859 3229 2999 3290 erat
3044 3224 3157 3290 Sa-

542 3332 911 3396 maritanus.
1016 3332 1108 3395 17.
1179 3331 1598 3413 Respondens
1689 3336 1903 3396 autem
1982 3378 1999 3394 .
2063 3380 2078 3395 .
2144 3380 2157 3394 .
2227 3380 2241 3392 .
2312 3332 2510 3398 dixit:
2600 3330 2687 3395 Hi
2747 3329 2807 3393 X
2869 3329 3158 3398 mundati

554 3439 721 3510 sunt,
786 3453 1014 3499 nouem
1082 3436 1189 3500 ubi
1237 3436 1434 3501 sunt?
1502 3437 1598 3501 18.
1662 3436 1765 3501 Ex
1809 3435 1939 3500 illis
2004 3454 2126 3500 non
2172 3443 2272 3502 est
2319 3437 2429 3518 qui
2494 3436 2739 3501 rediret
2785 3439 2851 3499 et
2910 3435 3158 3514 gratias

552 3543 774 3620 ageret
822 3540 940 3605 deo
969 3541 1094 3606 nisi
1144 3540 1248 3604 hic
1281 3540 1682 3622 alienigena?
1734 3541 1830 3605 19.
1882 3540 1966 3605 Et
2012 3541 2105 3606 ait
2147 3540 2277 3607 illi:
2325 3559 2536 3621 surge,
2585 3542 2772 3617 uade‚
2818 3541 2967 3621 quia
2990 3537 3154 3604 fides

547 3651 661 3711 tua
706 3651 771 3710 te
813 3646 1065 3711 saluum
1113 3644 1287 3712 fecit.
1381 3649 1485 3712 20.
1533 3646 1977 3726 Interrogatus
2040 3651 2251 3719 autem
2300 3665 2337 3709 a
2386 3645 2789 3711 Pharisaeis:
2884 3645 3152 3722 Quando

552 3751 732 3816 uenit
775 3769 1040 3832 regnum
1090 3750 1240 3816 dei?
1288 3802 1302 3815 .
1355 3801 1367 3814 .
1420 3802 1434 3816 .
1483 3802 1497 3817 .
1550 3749 1660 3814 ille
1705 3752 1866 3816 dixit
1911 3751 2044 3817 eis:
2114 3750 2259 3816 Non
2329 3752 2507 3816 uenit
2552 3769 2813 3832 regnum
2863 3750 2963 3815 dei
3011 3769 3155 3815 cum

550 3856 1018 3940 obseruatione,
1068 3875 1275 3938 neque
1324 3856 1578 3922 dicent:
1631 3873 1780 3921 ecce
1824 3856 1931 3920 hic
1968 3861 2078 3921 aut
2110 3875 2258 3921 ecce
2288 3857 2459 3935 illic;
2509 3874 2658 3921 ecce
2689 3856 2856 3921 enim
2887 3873 3152 3937 regnum

551 3960 655 4026 dei
703 3960 869 4025 intra
918 3979 1032 4025 uos
1082 3969 1200 4026 est.
1294 3964 1395 4026 22.
1445 3960 1529 4025 Et
1579 3962 1670 4024 ait
1715 3960 1795 4024 ad
1844 3959 2194 4041 discipulos
2240 3978 2431 4026 suos:
2524 3960 2805 4026 Uenient
2849 3962 3004 4038 dies,
3081 3962 3156 4023 ut

549 4065 928 4131 desideretis
993 4066 1218 4131 uidere
1282 4086 1473 4131 unum
1521 4067 1691 4132 diem
1736 4065 1854 4132 filii
1898 4065 2173 4133 hominis
2220 4071 2285 4131 et
2331 4086 2457 4131 non
2504 4066 2827 4140 uidebitis.
2918 4065 3021 4131 23.
3068 4064 3156 4128 Et

544 4170 758 4236 dicent
803 4171 1019 4236 uobis:
1090 4190 1240 4237 ecce
1289 4171 1392 4238 hic
1440 4176 1505 4239 et
1551 4189 1703 4237 ecce
1749 4171 1909 4249 illic;
1986 4171 2185 4237 nolite
2232 4173 2345 4251 ire,
2393 4189 2600 4253 neque
2647 4168 2998 4236 sectemini.
3046 4170 3149 4235 24.

540 4274 705 4340 Nam
770 4277 937 4340 sicut
996 4276 1209 4358 fulgur
1267 4275 1601 4360 fulgurans
1662 4277 1742 4341 de
1806 4276 1979 4343 caelo
2034 4275 2206 4342 lucet
2265 4278 2329 4341 in
2387 4274 2509 4355 his,
2580 4293 2745 4357 quae
2810 4274 2928 4339 sub
2975 4274 3153 4337 caelo

546 4383 715 4463 sunt,
766 4381 857 4445 ita
904 4381 1032 4446 erit
1077 4384 1143 4446 et
1188 4379 1356 4446 filius
1403 4383 1696 4449 hominis.
1748 4384 1851 4450 25.
1901 4382 2181 4472 Primum
2214 4385 2429 4445 autem
2463 4383 2717 4462 oportet
2747 4380 2923 4445 illum
2953 4378 3155 4443 multa

542 4484 677 4566 pati
739 4491 807 4550 et
864 4487 1191 4568 reprobari
1263 4505 1299 4551 a
1348 4488 1766 4569 generatione
1811 4487 1949 4553 hac.
2040 4486 2128 4550 Et
2172 4485 2339 4550 sicut
2385 4484 2621 4549 factum
2667 4491 2770 4550 est
2814 4486 2879 4549 in
2926 4482 3154 4550 diebus

547 4589 704 4668 Noe,
754 4588 848 4653 ita
893 4591 1018 4655 erit
1062 4590 1127 4655 in
1177 4591 1402 4656 diebus
1449 4589 1566 4655 filii
1613 4591 1921 4657 hominis:
1971 4593 2073 4657 27.
2105 4590 2397 4656 edebant
2442 4597 2507 4656 et
2549 4590 2870 4672 bibebant,
2919 4605 3154 4654 uxores

543 4693 880 4775 «lucebant,
958 4695 1282 4762 nubebant
1355 4714 1557 4778 usque
1604 4697 1666 4760 in
1717 4697 1905 4775 diem,
1985 4714 2111 4778 qua
2158 4696 2430 4761 intrauit
2476 4695 2616 4761 Noe
2664 4697 2728 4761 in
2776 4713 3008 4772 arcam,
3086 4698 3156 4760 et

544 4799 723 4866 uenit
767 4799 1078 4867 diluuium
1126 4804 1191 4867 et
1236 4801 1516 4884 perdidit
1564 4820 1803 4869 omnes.
1868 4804 1969 4869 28.
2019 4802 2326 4875 Similiter
2373 4800 2613 4868 factum
2663 4806 2764 4868 est
2809 4801 2877 4868 in
2924 4799 3156 4868 diebus
