3484 5617
622 512 706 577 52
1374 503 1733 571 {euangelium
1773 505 2072 558 secundnm
2114 503 2437 557 Johaunem.
3087 505 3131 559 C
3192 509 3250 555 6.

621 713 902 785 nondum
970 723 1236 784 uenerat
1309 719 1388 784 ad
1452 738 1562 784 eos
1610 717 1823 783 Jesus.
1923 719 2020 782 18.
2068 715 2248 780 Mare
2311 723 2522 780 autem
2586 715 2987 782 ualidissimo
3034 720 3250 781 uento

618 822 811 889 fiante
858 823 1295 905 insurgebant.
1347 824 1446 890 19.
1496 824 1756 888 Etcum
1789 821 2210 902 remigassent
2254 821 2464 886 stadia
2501 823 2684 902 quasi
2730 820 2833 885 uel
2884 818 3082 886 XXV.
3124 820 3246 885 vel

620 930 840 1012 XXX„
899 929 1125 994 uident
1183 926 1406 994 Jesum
1467 926 1893 992 ambulantem
1953 944 2149 1006 super
2208 944 2403 1005 mare,
2449 928 2514 989 et
2552 927 2733 990 iuxta
2779 944 3005 990 nauem
3052 923 3250 1003 fieri,

624 1038 691 1099 et
737 1035 1085 1099 timuerunt
1132 1033 1339 1098 ualde.
1406 1035 1509 1098 20.
1559 1031 1678 1098 Ille
1726 1036 1937 1096 autem
1984 1032 2145 1096 dixit
2191 1031 2317 1096 eis:
2367 1048 2482 1112 ego
2529 1048 2692 1107 sum,
2737 1029 2937 1096 nolite
2983 1030 3246 1095 timere.

625 1141 729 1207 21.
800 1136 1124 1203 Uolebant
1191 1157 1341 1220 ergo
1403 1138 1690 1220 recipere
1736 1155 1880 1201 eum
1952 1137 2018 1201 in
2068 1136 2448 1213 nauiculam,
2526 1139 2593 1200 et
2638 1138 2853 1202 statim
2898 1136 3084 1200 nauis
3130 1153 3251 1200 ac-

627 1244 821 1310 cessit
866 1244 945 1308 ad
992 1247 1255 1323 terram,
1301 1244 1364 1308 in
1392 1262 1515 1325 qua
1562 1242 1760 1307 ibant.
1811 1243 1910 1308 22.
1964 1241 2180 1306 Altera
2204 1245 2415 1306 autem
2445 1241 2548 1306 die
2574 1241 2782 1318 turba,
2830 1259 2991 1322 quae
3017 1240 3249 1305 stabat

627 1354 803 1415 trans
849 1366 1046 1427 mare,
1096 1347 1283 1431 uidit,
1347 1347 1497 1430 quia
1559 1347 1883 1428 nauigium
1933 1346 2093 1411 aliut
2138 1366 2264 1411 non
2313 1349 2471 1425 erat,
2517 1347 2643 1412 nisi
2691 1364 2884 1410 unum
2932 1344 3095 1424 illut,
3179 1349 3252 1410 et

630 1455 779 1537 quia
824 1471 950 1518 non
996 1451 1186 1517 simul
1232 1451 1525 1518 ascendit
1572 1471 1711 1516 cum
1764 1451 2096 1532 discipulis
2142 1450 2274 1516 suis
2321 1450 2514 1515 Jesus
2560 1452 2626 1515 in
2672 1469 2920 1530 nauem,
2968 1450 3083 1515 sed
3115 1445 3248 1515 soli

627 1556 930 1638 discipuli
979 1558 1119 1621 eius
1166 1557 1443 1634 fuerunt,
1492 1557 1596 1621 23.
1647 1562 1711 1619 et
1760 1574 1903 1619 cum
1950 1556 2475 1637 superuenissent
2521 1555 2685 1621 aliae
2734 1573 2931 1621 naues
2976 1575 3016 1621 a
3046 1554 3248 1619 Tibe-

629 1662 827 1740 riade,
905 1662 1181 1744 quaein
1230 1662 1514 1743 proximo
1584 1666 1770 1725 erant
1837 1660 1973 1725 loco
2043 1659 2176 1725 illic
2244 1661 2353 1725 ubi
2400 1660 2937 1726 manducauerant
2984 1678 3246 1741 panem,

630 1785 815 1849 quem
840 1766 1254 1832 benedixerat
1300 1765 1615 1832 dominus.
1665 1767 1769 1829 24.
1820 1763 1978 1829 Cum
2025 1783 2174 1847 ergo
2223 1764 2538 1829 uidissent
2578 1765 2823 1845 turbae,
2849 1764 3015 1846 quod
3040 1764 3249 1829 Jesus

630 1891 753 1936 non
801 1875 899 1937 est
943 1869 1050 1948 ibi,
1098 1887 1305 1951 neque
1351 1867 1651 1950 discipuli
1697 1869 1858 1952 eiuS‚
1908 1875 2289 1951 acceperunt
2335 1869 2454 1934 sibi
2502 1870 2625 1951 ipsi
2669 1869 2998 1935 nauiculas
3029 1873 3100 1933 et
3128 1888 3250 1933 ue-

630 1981 868 2041 nerunt
910 1976 974 2040 in
1025 1973 1406 2040 cafarnaum
1457 1979 1859 2055 quaerentes,
1948 1976 2050 2040 25.
2101 1974 2187 2039 Et
2234 1993 2372 2037 cum
2420 1972 2822 2039 inuenissent
2866 1992 3008 2038 eum
3057 1978 3250 2054 trans

634 2099 828 2164 mare,
893 2081 1193 2145 dixerunt
1235 2080 1326 2144 ei:
1374 2078 1577 2157 rabbi,
1644 2079 1898 2160 quando
1946 2077 2047 2142 hic
2095 2078 2382 2142 uenisti?
2471 2079 2574 2144 26.
2622 2079 2977 2160 Respondit
3022 2083 3248 2142 autem

633 2186 726 2250 eis
771 2185 963 2250 Jesus
1031 2190 1098 2250 et
1144 2184 1335 2250 dixit:
1411 2183 1629 2263 Amen,
1699 2202 1882 2248 amen
1933 2184 2074 2249 dico
2121 2184 2337 2249 uobis:
2409 2185 2719 2265 quaeritis
2766 2202 2866 2249 me
2913 2202 3037 2249 non
3086 2186 3250 2264 quia

636 2289 899 2355 uidistis
945 2289 1128 2371 signa
1172 2295 1240 2354 et
1284 2290 1601 2371 prodigia,
1649 2290 1761 2355 sed
1798 2288 1950 2370 quia
1981 2289 2415 2354 manducastis
2464 2290 2544 2353 de
2591 2291 2866 2373 panibus
2913 2294 2978 2353 et
3019 2291 3247 2354 satiati

629 2395 807 2460 estis.
852 2394 955 2461 27.
1007 2393 1632 2475 Operaminiescam,
1660 2413 1788 2459 non
1835 2412 2000 2476 quae
2047 2395 2235 2475 perit,
2284 2397 2397 2461 sed
2444 2413 2675 2475 escam,
2702 2413 2866 2477 quae
2899 2400 3234 2477 permanet

636 2499 699 2563 in
747 2499 946 2564 uitam
994 2502 1340 2577 aeternam,
1389 2517 1581 2580 quam
1628 2497 1795 2563 filius
1844 2497 2118 2563 hominis
2165 2499 2342 2564 dabit
2387 2497 2591 2565 uobis.
2641 2500 2828 2566 Hunc
2860 2500 3030 2564 enim
3055 2504 3230 2581 pater

637 2603 917 2686 signauit
981 2600 1159 2668 deus.
1250 2604 1351 2668 28.
1401 2602 1717 2668 Dixerunt
1762 2603 1961 2684 igitur
2017 2603 2100 2666 ad
2145 2622 2318 2669 eum:
2370 2604 2539 2681 Quid
2583 2604 2914 2684 facichS,
2963 2608 3034 2669 ut
3086 2622 3235 2685 ope·

630 2727 845 2773 remus
892 2725 1146 2789 operam
1196 2706 1346 2771 dei?
1437 2708 1536 2772 29.
1585 2706 1943 2788 Respondit
1987 2707 2179 2773 Jesus
2226 2714 2291 2773 et
2338 2710 2498 2775 dixit
2545 2711 2669 2776 eis:
2749 2710 2887 2775 Hoc
2932 2715 3031 2775 est
3078 2726 3244 2792 opus

635 2812 755 2890 dei,
803 2817 876 2877 ut
923 2811 1201 2877 credatis
1248 2811 1315 2876 in
1340 2830 1510 2894 eum,
1557 2830 1744 2893 quem
1793 2811 1933 2893 ipse
1977 2814 2169 2878 misit.
2218 2815 2323 2880 30.
2376 2814 2692 2880 Dixerunt
2724 2835 2877 2896 ergo
2911 2816 3001 2881 ei:
3052 2813 3246 2891 Quod

631 2921 844 2982 autem
890 2920 958 2979 tu
1006 2914 1163 2981 facis
1211 2917 1481 3000 signum,
1530 2920 1602 2980 ut
1649 2916 1981 2982 uideamus
2029 2922 2093 2981 et
2138 2919 2471 2983 credamus
2505 2919 2671 2984 tibi?
2718 2919 2869 3001 quid
2904 2920 3250 3000 operaris?

633 3023 736 3087 31.
809 3021 1040 3085 Patres
1106 3022 1312 3085 nostri
1381 3038 1614 3084 manna
1660 3022 2215 3087 manducauemnt
2262 3023 2328 3087 in
2376 3024 2649 3098 deserte,
2716 3025 2884 3090 sicut
2928 3023 3250 3107 scriptum

634 3130 765 3191 est:
814 3143 1039 3207 panem
1089 3125 1170 3189 de
1215 3125 1393 3190 caelo
1443 3123 1623 3188 dedit
1666 3126 1759 3189 eis
1808 3125 2210 3190 manducare.
2260 3129 2364 3192 32.
2415 3128 2593 3192 Dixit
2638 3132 2849 3193 autem
2885 3128 2978 3195 eis
3005 3129 3248 3195 Jesus:

633 3231 859 3308 Amen,
925 3248 1105 3294 amen
1154 3229 1297 3294 dico
1344 3230 1561 3294 uobis:
1642 3229 1788 3293 Non
1857 3229 2112 3311 Moyses
2183 3232 2360 3298 dedit
2404 3234 2588 3298 uobis
2635 3253 2861 3315 panem
2909 3236 2989 3300 de
3038 3234 3248 3313 caelo,

637 3334 751 3397 sed
799 3336 982 3414 pater
1041 3351 1219 3398 meus
1284 3335 1393 3398 dat
1439 3333 1622 3400 uobis
1671 3353 1899 3414 panem
1948 3336 2025 3401 de
2075 3337 2273 3414 cae10,
2320 3338 2497 3402 illum
2549 3357 2767 3403 uerum
2815 3358 3062 3421 panem.
3132 3342 3246 3405 33.

636 3438 829 3503 Panis
876 3439 1040 3501 enim
1091 3438 1190 3502 dei
1239 3443 1357 3518 est,
1405 3440 1513 3520 qui
1560 3439 1895 3504 descendit
1943 3440 2021 3506 de
2069 3441 2243 3506 caelo
2294 3447 2359 3506 et
2391 3444 2587 3508 uitam
2624 3444 2780 3510 dans
2809 3444 2956 3509 huic
2981 3448 3247 3524 mundo.

638 3542 742 3607 34.
790 3541 1106 3606 Dixerunt
1171 3561 1324 3625 ergo
1394 3544 1473 3609 ad
1519 3562 1689 3612 eum:
1770 3546 2042 3625 domine,
2113 3566 2364 3629 semper
2411 3550 2494 3613 da
2540 3550 2722 3614 nobis
2770 3549 2939 3614 hunc
2985 3567 3246 3632 panem.

636 3646 738 3711 35.
787 3645 971 3711 Dixit
1030 3646 1124 3710 eis
1168 3645 1396 3714 Jesus:
1487 3649 1628 3732 Ego
1693 3669 1829 3716 sum
1877 3653 2058 3731 panis
2124 3653 2332 3736 uitae3
2411 3655 2519 3735 qui
2564 3655 2740 3720 uenit
2786 3655 2868 3720 ad
2913 3674 3031 3733 me,
3113 3674 3248 3718 non

639 3751 901 3830 esuriet,
950 3754 1015 3816 et
1061 3752 1165 3832 qui
1214 3752 1417 3817 credit
1461 3754 1525 3818 in
1576 3773 1693 3833 me,
1740 3774 1865 3819 non
1914 3756 2090 3821 sitiet
2136 3776 2452 3837 umquam.
2526 3761 2626 3825 36.
2677 3757 2801 3824 Sed
2850 3759 2979 3823 dixi
3026 3759 3244 3838 uobiS‚

637 3854 931 3936 quoniam
979 3861 1047 3920 et
1090 3856 1370 3938 uidistis,
1417 3858 1525 3923 sed
1575 3878 1700 3923 non
1750 3861 2030 3925 creditis.
2081 3863 2182 3926 37.
2215 3859 2436 3945 Omne,
2485 3863 2650 3945 quod
2697 3863 2808 3929 dat
2852 3863 3008 3928 mihi
3035 3868 3247 3946 pater,

637 3960 717 4025 ad
764 3979 864 4027 me
910 3961 1150 4038 ueniet,
1227 3965 1293 4026 et
1352 3981 1515 4043 eum,
1580 3964 1684 4044 qui
1737 3966 1915 4029 uenit
1961 3966 2037 4029 ad
2086 3984 2207 4045 me,
2256 3985 2381 4031 non
2428 3967 2670 4049 apello;
2756 3969 2859 4034 38.
2907 3985 3022 4032 nec
3069 3969 3248 4033 enim

637 4064 940 4130 descendi
987 4064 1067 4128 de
1099 4066 1294 4145 cae10,
1342 4071 1415 4131 ut
1460 4066 1690 4132 faciam
1738 4067 2136 4133 uoluntatem
2171 4088 2396 4149 meam,
2443 4072 2555 4137 sed
2589 4072 2984 4137 uoluntatem
3013 4074 3245 4154 patrm,

639 4171 750 4250 qui
795 4188 896 4235 me
943 4170 1136 4235 misit.
1229 4171 1327 4234 39.
1382 4170 1560 4236 Haec
1614 4177 1714 4236 est
1758 4177 1971 4236 autem
2020 4173 2317 4238 uoluntas
2364 4176 2522 4255 eius,
2600 4177 2708 4257 qui
2754 4177 2929 4241 misit
2973 4194 3093 4257 me,
3176 4181 3252 4240 ut

637 4293 821 4339 omne
848 4273 1015 4355 quod
1041 4274 1221 4338 dedit
1245 4273 1418 4352 mihi,
1458 4293 1583 4339 non
1611 4265 1870 4357 perdam
1897 4296 1972 4341 ex
2001 4297 2073 4343 eo
2107 4280 2467 4364 quicquam,
2516 4281 2625 4345 sed
2656 4282 3028 4346 resuscitem
3057 4279 3247 4346 illum

640 4380 706 4443 in
756 4380 1100 4446 nouissima
1148 4379 1271 4443 die.
1362 4380 1465 4444 40.
1516 4379 1690 4445 Haec
1738 4385 1839 4446 est
1882 4383 2050 4447 enim
2096 4384 2394 4449 uoluntas
2438 4383 2643 4466 patris
2687 4385 2832 4464 mei,
2883 4390 2953 4450 ut
2997 4404 3248 4465 omnes,

640 4484 747 4564 qui
796 4484 975 4548 uidet
1021 4482 1218 4548 filium
1269 4488 1334 4548 et
1381 4484 1589 4549 credit
1639 4486 1703 4550 in
1752 4505 1919 4569 eum,
1968 4487 2202 4553 habeat
2249 4490 2451 4554 uitam
2498 4484 2843 4571 aeternam,
2913 4493 2981 4555 et
3023 4507 3249 4556 resus-

639 4588 847 4653 citabo
894 4606 1036 4653 eum
1083 4588 1147 4653 in
1195 4589 1543 4654 nouissima
1588 4591 1712 4654 die.
1790 4593 1895 4657 41.
1945 4592 2429 4660 Murmurabant
2492 4595 2690 4676 igitur
2737 4594 2968 4659 Judaei
3015 4594 3094 4659 de
3143 4614 3251 4673 e0,

638 4692 805 4774 quod
856 4691 1150 4757 dixisset:
1240 4692 1380 4773 Ego
1429 4712 1565 4759 sum
1614 4695 1817 4777 panis,
1881 4697 1988 4777 qui
2038 4697 2114 4762 de
2161 4699 2338 4764 caelo
2385 4699 2706 4779 descendi,
2781 4705 2848 4765 et
2908 4698 3247 4766 dicebant:

638 4799 742 4859 42.
791 4795 1015 4861 Nonne
1060 4795 1165 4862 hic
1209 4802 1311 4861 est
1355 4794 1525 4862 filius
1571 4798 1835 4881 Joseph,
1862 4799 2043 4864 cuius
2067 4800 2386 4867 noscimus
2410 4802 2700 4884 patrem?
2747 4802 3060 4884 quomodo
3087 4821 3255 4885 ergo
