3484 5617
240 474 308 527 C.
355 474 403 526 Φ.
1024 466 1387 536 ,Euangeliurn
1427 467 1725 522 secundum
1768 467 2096 522 Johanuem.
2778 473 2862 535 47

239 701 597 749 carcerem.
675 684 779 748 25.
844 681 1043 745 Facta
1090 684 1189 744 est
1235 684 1448 744 autem
1512 680 1803 759 quaestio
1852 697 1929 742 ex
1978 678 2313 759 discipulis
2360 677 2674 744 Johaunis
2720 699 2860 743 cum

243 786 534 854 Judaeis
582 788 661 852 de
707 783 1174 867 purificatione.
1254 786 1356 850 26.
1405 783 1492 847 Ει
1538 786 1856 848 uenerunt
1920 784 2003 848 ad
2047 782 2406 849 Johannem
2454 787 2518 848 et
2565 783 2868 849 dixerunt

237 894 349 958 ei:
405 890 608 971 rabbi,
658 891 765 973 qui
815 896 954 956 erat
1000 892 1212 954 tecum
1261 893 1437 955 trans
1484 888 1833 971 Jordanen,
1926 889 2029 954 cui
2093 893 2162 954 tu
2227 887 2662 954 testimonium
2729 908 2869 971 per-

238 996 552 1077 hibuisti,
599 1015 749 1062 ecce
793 995 898 1060 hic
944 995 1255 1076 baptizat,
1327 998 1394 1059 et
1438 1012 1656 1059 omnes
1716 993 1988 1060 ueniunt
2035 993 2116 1058 ad
2163 1011 2325 1059 eum.
2372 995 2471 1058 27.
2521 992 2876 1076 Respondit

236 1100 594 1167 Johannes
644 1101 891 1166 dicens:
941 1100 1082 1166 Non
1129 1103 1343 1182 potest
1373 1099 1560 1164 homo
1607 1100 1903 1181 accipere
1950 1098 2307 1180 quicquam,
2333 1098 2456 1164 nisi
2510 1098 2604 1164 illi
2655 1099 2869 1165 datum

238 1207 457 1273 fuerit
504 1207 800 1288 desuper.
878 1206 983 1271 28.
1054 1203 1185 1286 Ipsi
1232 1222 1350 1270 uos
1418 1204 1854 1269 testimonium
1927 1202 2077 1268 mihi
2153 1201 2524 1287 perhibetiS,
2574 1205 2869 1287 quoniam

243 1312 436 1376 dixi:
486 1329 610 1375 non
658 1329 801 1375 sum
847 1327 967 1393 ego
1019 1307 1334 1388 Christus,
1383 1309 1493 1373 sed
1543 1310 1694 1391 quia
1739 1309 2127 1391 praemissus
2175 1325 2314 1372 sum
2360 1313 2506 1373 ante
2551 1327 2717 1373 eum.
2766 1310 2869 1373 29.

247 1417 388 1495 Qui
438 1416 633 1481 habet
679 1433 996 1498 sponsam,
1061 1432 1332 1499 sponsus
1381 1419 1518 1492 est3
1599 1415 1841 1479 amicus
1917 1418 2129 1481 autem
2192 1413 2429 1494 sponsi,
2478 1414 2586 1494 qui
2635 1416 2762 1478 stat
2808 1420 2873 1478 et

244 1523 445 1588 audit
512 1539 676 1602 eum,
743 1520 978 1603 gaudio
1038 1519 1276 1600 gaudet
1318 1524 1584 1602 propter
1653 1537 1873 1583 uocem
1920 1518 2081 1583 eius.
2171 1516 2311 1581 Hoc
2356 1536 2506 1600 ergo
2573 1517 2872 1598 gaudium

249 1645 470 1692 meum
521 1624 905 1707 completum
953 1630 1070 1690 est.
1119 1625 1223 1689 30.
1274 1622 1460 1689 Illum
1508 1629 1766 1706 oportet
1812 1641 2122 1702 crescere,
2170 1640 2271 1687 me
2303 1626 2513 1688 autem
2548 1623 2870 1691 minorari.

253 1734 369 1796 31.
442 1731 563 1808 Qui
613 1731 692 1795 de
738 1748 989 1796 sursum
1042 1729 1238 1807 uenit,
1286 1746 1480 1810 super
1526 1747 1748 1794 omnes
1793 1732 1914 1794 est.
2007 1727 2127 1805 Qui
2199 1746 2351 1792 uero
2413 1746 2490 1792 ex
2535 1732 2711 1792 terra
2755 1734 2873 1813 est,

261 1835 348 1899 de
397 1839 574 1899 terra
617 1841 716 1900 est
763 1841 828 1901 et
874 1834 954 1899 de
998 1838 1176 1899 terra
1221 1832 1524 1914 loquitur.
1618 1834 1731 1898 32..
1802 1833 1922 1911 Qui
2011 1837 2226 1898 autem
2297 1832 2376 1896 de
2440 1832 2617 1897 caelo
2681 1832 2874 1913 uenit,

257 1939 439 2021 quod
491 1940 651 2005 uidit
695 1943 761 2005 et
784 1939 1053 2018 audiuit,
1100 1940 1396 2017 testatur,
1447 1941 1514 2001 et
1537 1937 1973 2003 testimonium
2021 1936 2195 2001 iilius
2234 1955 2420 2001 nemo
2468 1935 2721 2018 accipit.
2769 1940 2874 2004 33.

259 2044 394 2122 Qui
441 2048 654 2108 autem
681 2043 915 2125 accipit
960 2042 1389 2107 testimonium
1439 2041 1598 2119 eius,
1648 2040 1950 2123 signauit,
1986 2042 2286 2124 quoniam
2321 2043 2480 2107 deus
2513 2059 2711 2107 uerax
2758 2049 2875 2108 est.

256 2146 367 2212 34.
469 2149 666 2227 Quem
741 2147 911 2212 enim
962 2146 1134 2213 misit
1201 2148 1382 2225 deus,
1432 2146 1631 2226 uerba
1680 2147 1790 2212 dei
1834 2147 2144 2229 loquitur,
2187 2166 2311 2212 non
2359 2148 2527 2211 enim
2573 2148 2653 2212 ad
2700 2166 2875 2212 men·

255 2271 482 2320 suram
529 2252 641 2317 dat
684 2253 998 2333 spiritum.
1034 2339 1037 2342 .
1070 2251 1174 2319 35.
1222 2250 1414 2317 Pater
1461 2251 1673 2332 diligit
1704 2250 1927 2331 filium,
1961 2256 2027 2316 et
2056 2253 2267 2316 omnia
2312 2251 2497 2317 dedit
2541 2253 2604 2317 in
2653 2269 2878 2319 manus

248 2359 424 2424 eius.
474 2361 577 2426 36.
657 2359 780 2436 Qui
828 2358 1033 2424 credit
1076 2357 1139 2422 in
1187 2356 1340 2435 filio,
1388 2356 1584 2423 habet
1631 2358 1830 2423 uitam
1877 2363 2237 2422 aeternam:
2332 2358 2442 2439 qui
2492 2365 2702 2422 autem
2752 2378 2876 2422 non

255 2462 474 2529 credit
544 2461 705 2566 filio,
765 2482 893 2529 nou
964 2462 1210 2528 uidebit
1253 2461 1449 2527 uitam
1521 2468 1871 2542 aeternam,
1936 2462 2050 2526 sed
2098 2463 2197 2527 ira
2241 2460 2346 2528 dei
2394 2463 2458 2527 in
2508 2479 2582 2527 eo
2630 2480 2877 2543 perma-

255 2567 462 2632 nebit.

446 2773 574 2841 IV.
671 2779 725 2838 1.
821 2775 985 2839 Cum
1033 2792 1184 2854 ergo
1249 2774 1653 2854 cognouisset
1720 2773 1913 2842 ‚Iesus
1960 2777 2216 2844 audisse
2266 2776 2664 2856 PharisanS,
2713 2780 2882 2860 quod

257 2881 465 2946 Jesus
510 2878 726 2960 plures
774 2878 1124 2959 discipulos
1187 2878 1342 2942 facit
1404 2896 1589 2958 quam
1655 2878 1984 2945 ,Iohannes
2030 2888 2096 2947 et
2145 2882 2444 2966 baptizat,
2522 2885 2579 2946 2.
2633 2885 2881 2964 (quam-

258 3003 459 3067 quam
478 2986 671 3052 Jesus
717 2984 857 3066 ipse
905 3001 1029 3047 non
1078 2982 1454 3067 baptizaret,
1504 2984 1616 3049 sed
1664 2985 1965 3069 discipuli
2013 2987 2201 3068 eiuS,)
2249 2989 2306 3052 3.
2356 2986 2632 3068 reliquid
2685 2988 2882 3069 igitur

259 3089 588 3156 Judaeam
636 3098 700 3155 et
744 3086 1068 3170 profectus
1115 3094 1215 3153 est
1261 3089 1489 3153 iterum
1536 3089 1600 3154 in
1649 3090 2023 3158 Galilaeam.
2120 3093 2175 3155 4.
2269 3088 2624 3172 Oportebat
2667 3096 2881 3157 autem

262 3214 416 3260 eum
472 3192 752 3259 transire
795 3212 913 3276 per
972 3192 1342 3258 Samariam.
1420 3195 1477 3261 5.
1556 3194 1756 3261 Uenit
1804 3196 2000 3278 igitur
2046 3198 2109 3261 in
2161 3195 2490 3262 ciuitatem
2537 3196 2880 3281 Samariae,

265 3318 437 3383 quae
487 3299 721 3365 dicitur
768 3297 1071 3381 Esxchar,
1122 3297 1299 3364 iuxta
1342 3300 1704 3380 praedium,
1780 3303 1950 3383 quod
2002 3303 2184 3367 dedit
2226 3300 2428 3368 Jacob
2472 3301 2713 3387 Joseph
2752 3301 2906 3388 filio·

264 3424 404 3471 suo.
458 3407 516 3470 6.
564 3404 726 3469 Erat
770 3406 980 3469 autem
1027 3402 1171 3469 fons
1214 3403 1436 3470 Jacob.
1486 3404 1680 3472 Jesus
1727 3408 1928 3487 igitur
1990 3406 2300 3490 fatigatus
2361 3407 2443 3473 ob
2486 3408 2720 3474 itinere
2784 3428 2883 3474 se·

263 3510 466 3577 debat
513 3527 706 3593 super
773 3507 1031 3576 fontem.
1125 3506 1303 3574 Hora
1361 3513 1571 3574 autem
1638 3516 1776 3576 erat
1823 3511 2079 3577 circiter
2124 3518 2326 3577 sexta.
2425 3517 2479 3580 7.
2574 3513 2662 3578 E:
2708 3516 2888 3579 uenit

262 3615 589 3697 quaedam
634 3614 863 3679 mulier
909 3631 947 3677 a
995 3613 1284 3680 Samaria
1327 3613 1590 3681 haurire
1635 3635 1884 3697 aquam.
1933 3619 1989 3682 8.
2042 3618 2215 3682 Dicit
2246 3619 2303 3683 ei
2337 3618 2566 3684 Jesus:
2616 3620 2697 3684 da
2731 3618 2887 3686 mihi

258 3719 529 3799 bibere3
607 3719 905 3802 discipuli
973 3719 1140 3784 enim
1203 3718 1342 3784 eius
1390 3719 1680 3787 abierant
1726 3722 1791 3785 in
1842 3722 2187 3804 ciuitatem,
2240 3730 2311 3789 ut
2357 3724 2531 3789 cibos
2580 3729 2884 3792 emerent.

258 3826 324 3892 9.
401 3825 587 3891 Dicit
630 3844 781 3908 ergo
828 3825 886 3890 ei
934 3824 1161 3888 mulier
1207 3822 1632 3889 Samaritana:
1708 3824 1824 3905 Tu,
1874 3845 2015 3891 cum
2076 3826 2166 3894 sis
2211 3827 2519 3907 JudaeuS,
2570 3831 2880 3910 quomodo

256 3951 297 3998 a
345 3949 451 3996 me
502 3929 725 3995 bibere
769 3930 961 4011 petis,
1012 3947 1153 3993 cum
1202 3929 1323 3993 sim
1357 3927 1585 3994 mulier
1629 3927 2084 3999 Samaritissa?
2140 3935 2232 4000 10.
2283 3933 2642 4014 Respondit
2691 3934 2882 4000 Jcsus

253 4041 322 4101 et
369 4035 550 4101 dixit
595 4035 687 4100 ei:
767 4034 832 4100 Si
884 4033 1082 4099 scires
1129 4034 1357 4099 donum
1408 4034 1510 4099 dei
1560 4039 1620 4101 et
1671 4037 1813 4117 quis
1862 4041 1980 4119 est,
2030 4036 2137 4119 qui
2203 4038 2553 4123 dicimibit
2604 4038 2684 4103 da
2729 4039 2883 4106 mihi

260 4141 524 4220 bibere,
594 4142 664 4204 tu
711 4138 915 4218 magis
982 4138 1260 4220 petisses
1321 4157 1484 4222 eum,
1557 4145 1624 4205 et
1692 4141 1978 4208 dedisset
2024 4141 2139 4207 tibi
2189 4161 2421 4225 aquam
2467 4144 2702 4209 uiuam.
2782 4147 2882 4210 11.

256 4246 446 4311 Dicit
492 4243 597 4311 illi
642 4241 903 4307 mulier:
956 4243 1247 4323 Domine,
1283 4261 1489 4325 neque
1534 4243 1951 4311 hauritorium
1982 4246 2197 4327 habes,
2245 4253 2310 4313 et
2357 4255 2616 4331 puteum
2684 4250 2883 4315 altum

262 4355 392 4429 est,
441 4349 619 4415 unde
664 4346 861 4412 habes
907 4366 1135 4429 aquam
1182 4347 1447 4412 uiuam?
1486 4351 1581 4414 12.
1621 4347 1942 4432 Numquid
1970 4358 2040 4417 tu
2088 4355 2289 4417 maior
2334 4370 2403 4417 es
2450 4353 2618 4437 patri
2664 4360 2885 4420 nostro

260 4455 492 4535 Jacob,
543 4453 653 4535 qui
726 4452 905 4517 dedit
969 4450 1149 4517 nobis
1211 4456 1494 4535 puteum,
1567 4460 1633 4519 et
1700 4454 1841 4535 ipse
1888 4474 1967 4520 ex
2011 4476 2085 4521 eo
2156 4456 2318 4523 uibit
2364 4463 2431 4523 et
2476 4457 2588 4524 filii
2637 4460 2773 4525 eius
2822 4463 2888 4523 et

273 4577 554 4640 peccora
602 4558 787 4638 eius?
843 4562 939 4625 13.
989 4557 1342 4639 Respondit
1385 4558 1575 4623 ‚Jesus
1624 4563 1688 4622 et
1738 4559 1899 4625 dixit
1946 4562 2038 4627 ei:
2097 4565 2323 4645 omnis,
2373 4567 2478 4647 qui
2531 4565 2767 4644 biberit
2811 4585 2888 4631 ex

276 4682 450 4745 aqua
500 4664 644 4741 liae,
692 4663 872 4728 sitiet
902 4663 1170 4740 iterum3
1221 4662 1325 4742 qui
1373 4666 1583 4726 autem
1604 4662 1842 4727 biberit
1888 4665 1967 4729 de
2014 4686 2199 4749 aqua,
2249 4687 2434 4749 quam
2484 4689 2602 4750 ego
2651 4671 2887 4736 dedero

270 4769 350 4846 ei,
406 4788 532 4835 non
587 4767 765 4833 sitiet
809 4767 872 4834 iu
922 4768 1394 4860 sempiternum,
1447 4767 1541 4831 14.
1595 4765 1705 4831 sed
1739 4785 1989 4851 aquam,
2042 4789 2224 4852 quem
2274 4791 2392 4853 ogo
2442 4773 2606 4840 dabo
2654 4773 2731 4854 ei,
2779 4773 2891 4840 fiet
