3484 5617
507 460 593 526 60
1252 454 1617 526 Euangelium
1657 455 1958 512 secundum
1999 455 2330 515 Johannem.
2918 453 2975 512 O.
3019 461 3104 513 10.

504 668 608 732 24.
702 666 1268 733 Circumdederunt
1332 686 1485 747 ergo
1533 687 1675 732 eum
1722 669 1957 732 Judaei
2006 673 2070 733 et
2116 667 2341 733 dicunt
2385 670 2477 732 ei:
2572 668 2926 751 Usquequo
2972 669 3103 733 ani-

507 792 672 837 mam
718 778 1001 839 nostram
1063 772 1287 838 tollis?
1333 771 1399 838 Si
1446 779 1514 839 tu
1577 791 1646 838 es
1698 773 2014 852 Christus,
2082 773 2184 837 dic
2232 773 2416 840 nobis
2463 774 2695 855 palam.
2791 774 2895 840 25.
2986 773 3104 838 Re-

504 878 763 959 spondit
806 878 898 944 eis
943 879 1165 943 Jesus:
1259 878 1482 960 loquor
1532 879 1730 961 uobis,
1781 885 1846 943 et
1892 897 2018 942 non
2066 877 2432 957 crediditis3
2526 897 2727 959 opera
2776 896 2942 958 quae
2987 897 3107 959 ego

493 980 656 1047 facio
703 982 772 1045 in·
813 983 1063 1048 nomine
1108 984 1312 1064 patris
1362 983 1505 1066 mei,
1556 983 1713 1048 haec
1757 985 2193 1049 testimonium
2243 983 2582 1063 perhibent
2628 986 2708 1049 de
2761 1001 2907 1061 me3
3001 985 3102 1048 26.

501 1089 615 1153 sed
661 1107 777 1153 uos
825 1106 947 1152 non
995 1086 1278 1166 creditis,
1309 1089 1459 1169 quia
1489 1106 1612 1153 non
1676 1091 1835 1155 estis
1896 1109 1975 1154 ex
2021 1090 2250 1155 ouibus
2300 1090 2455 1154 meis
2507 1089 2676 1155 sicut
2724 1089 2854 1153 dixi
2903 1088 3105 1153 uobis.

507 1194 608 1257 27.
661 1193 783 1270 Qui
829 1197 978 1257 sunt
1023 1211 1098 1257 ex
1145 1193 1371 1257 ouibus
1419 1194 1594 1272 meis,
1651 1214 1873 1259 uocem
1923 1214 2120 1260 meam
2170 1195 2471 1277 audiunt3
2523 1198 2589 1259 et
2634 1213 2750 1276 ego
2802 1211 3111 1275 cognosco

509 1316 639 1373 eaS,
694 1301 758 1361 et
804 1302 1105 1363 secuntur
1153 1316 1269 1377 me,
1342 1299 1442 1363 28.
1496 1304 1561 1362 et
1605 1317 1722 1379 ego
1769 1299 1967 1362 uitam
2017 1302 2342 1362 aeternam
2390 1298 2474 1361 do
2523 1299 2638 1377 eis,
2688 1304 2753 1363 et
2800 1317 2923 1362 non
2969 1316 3110 1380 per-

506 1400 693 1464 ibunt
762 1402 825 1465 in
872 1405 1218 1477 aeternum,
1282 1408 1347 1468 et
1413 1422 1537 1468 non
1606 1405 1941 1485 quisquam
2016 1405 2225 1484 rapiet
2271 1422 2378 1468 eas
2424 1404 2503 1467 de
2564 1422 2753 1467 manu
2799 1422 2958 1468 mea.
3006 1403 3107 1465 29.

516 1506 728 1586 Pater,
755 1508 921 1587 quod
970 1507 1147 1571 dedit
1192 1508 1368 1587 mihi,
1417 1510 1620 1573 maius
1669 1508 1961 1573 omnibus
2008 1513 2124 1589 est,
2174 1513 2239 1573 et
2281 1527 2464 1574 nemo
2515 1513 2728 1590 potest
2771 1525 3000 1590 rapere
3030 1507 3111 1570 de

514 1629 703 1674 manu
748 1612 951 1691 patris
1000 1613 1141 1676 mei.
1190 1615 1291 1678 30.
1338 1613 1476 1693 Ego
1526 1616 1588 1678 et
1635 1617 1819 1695 pater
1868 1632 2029 1678 unus
2076 1631 2314 1679 sumus
2365 1616 2466 1679 31.
2501 1611 2915 1678 Sustulerunt
2960 1631 3111 1693 ergo

511 1715 761 1797 lapides
808 1715 1061 1796 Judaei,
1111 1723 1183 1781 ut
1224 1717 1588 1799 lapidarent
1635 1737 1796 1783 eum.
1848 1720 1949 1783 32.
2000 1719 2084 1783 Et
2115 1718 2445 1799 respondit
2486 1719 2580 1782 eis
2630 1717 2854 1783 Jesus:
2909 1715 3112 1781 Multa

524 1838 718 1900 opera
763 1821 1015 1885 ostendi
1063 1821 1245 1887 uobis
1292 1842 1372 1886 ex
1402 1828 1586 1904 patre
1634 1842 1794 1902 me0,
1844 1829 2106 1904 propter
2168 1823 2334 1904 quod
2381 1841 2601 1887 eorum
2649 1842 2809 1904 opus
2857 1839 2958 1885 me
3016 1820 3110 1885 la·

516 1924 796 2004 pidatis‘?
861 1927 963 1991 33.
1039 1925 1531 2008 Responderunt
1598 1929 1657 1994 ei
1726 1927 1992 1992 Judaei:
2073 1928 2149 1993 de
2219 1928 2385 1991 bono
2447 1946 2640 2009 opere
2699 1946 2823 1990 non
2871 1926 3111 2009 lapida-

511 2048 649 2093 mus
694 2035 777 2113 te,
827 2029 939 2094 sed
988 2030 1066 2094 de
1114 2029 1489 2111 blasfemia;
1538 2038 1602 2098 et
1648 2034 1799 2115 quia
1866 2039 1937 2097 tu
1987 2033 2170 2098 homo
2219 2052 2359 2097 cum
2409 2034 2516 2112 δίε,
2564 2031 2723 2098 facis
2785 2036 2849 2097 te
2899 2032 3111 2095 deum.

508 2134 610 2198 34.
646 2133 1003 2215 Respondit
1034 2132 1256 2199 Jesus:
1305 2135 1533 2200 Nonne
1558 2136 1864 2217 scriptum
1891 2137 2078 2201 estin
2112 2136 2287 2217 lege:
2315 2137 2463 2217 quia
2488 2154 2604 2217 ego
2632 2136 2796 2201 dixi:
2826 2136 2909 2200 dii
2936 2136 3109 2200 estis.

510 2240 610 2304 35.
662 2240 727 2304 Si
776 2239 921 2304 illos
969 2239 1133 2303 dixit
1178 2240 1351 2323 deOS,
1403 2241 1483 2304 ad
1532 2258 1690 2321 quos
1739 2260 1947 2306 sermo
1995 2238 2189 2305 fiebat
2235 2241 2356 2319 dei,
2405 2245 2473 2306 et
2518 2261 2641 2307 non
2690 2246 2902 2322 potest
2948 2238 3109 2304 solui

510 2343 849 2423 scriptura,
896 2346 997 2409 36.
1034 2361 1221 2424 quem
1268 2357 1449 2425 pater
1498 2344 1920 2410 sanctificauit
1964 2351 2029 2410 et
2075 2347 2249 2411 misit
2293 2348 2358 2411 in
2405 2345 2572 2410 hunc
2620 2344 2940 2420 mundum,
2992 2363 3108 2408 uos

509 2447 739 2527 dicitiS,
788 2448 938 2529 quia
980 2449 1336 2533 blasfemat,
1387 2451 1681 2530 quoniam
1733 2452 1901 2516 dixi:
1945 2449 2115 2515 filius
2160 2450 2265 2514 dei
2303 2469 2461 2514 sum.
2509 2451 2614 2514 37.
2665 2448 2731 2515 Si
2779 2467 2903 2512 non
2948 2447 3112 2513 facio

512 2572 703 2633 opera
767 2555 989 2635 patris,
1058 2555 1256 2620 nolite
1326 2556 1590 2620 credere
1634 2555 1814 2621 mihi.
1891 2557 1993 2622 38.
2072 2555 2253 2633 Quod
2324 2556 2379 2619 si
2445 2554 2631 2633 facio,
2680 2558 2746 2617 et
2790 2552 2945 2617 mihi
2992 2571 3114 2619 non

512 2660 708 2722 uultis
772 2659 1049 2738 credere,
1121 2662 1225 2724 uel
1294 2661 1596 2741 operibus
1667 2661 1931 2738 credite,
1979 2665 2044 2725 et
2114 2660 2511 2741 cognoscetis
2559 2660 2710 2740 quia
2756 2660 2819 2723 in
2869 2677 2966 2722 me
3015 2662 3118 2722 est

506 2768 686 2846 pater
730 2769 796 2829 et
840 2783 957 2847 ego
1006 2765 1068 2828 in
1118 2784 1211 2830 eo.
1260 2767 1361 2831 39.
1412 2762 1818 2840 Quaerebant
1862 2784 2013 2846 ergo
2062 2783 2204 2829 eum
2245 2764 2787 2845 adpraehendere,
2834 2766 2899 2825 et
2946 2761 3109 2825 exiit

512 2869 591 2933 de
635 2871 927 2935 manibus
973 2888 1208 2935 eorum.
1271 2870 1373 2934 40.
1423 2870 1510 2934 Et
1555 2870 1715 2935 abiit
1747 2871 1980 2935 iterum
2029 2875 2205 2936 trans
2253 2869 2576 2935 Jordanen
2605 2869 2670 2931 in
2716 2865 3111 2948 eumlocum‚

514 2975 622 3038 ubi
667 2979 807 3040 erat
851 2974 1176 3040 Johannes
1223 2975 1554 3056 baptizans
1626 2975 1898 3056 primum
1946 2981 2010 3039 et
2059 2976 2354 3054 manebat
2400 2973 2547 3038 illic.
2618 2974 2722 3036 41.
2799 2972 2886 3037 Et
2933 2969 3118 3035 multi

515 3081 858 3145 ueniebant
919 3081 1000 3145 ad
1048 3099 1190 3144 eum
1237 3085 1302 3144 et
1364 3079 1687 3144 dicebant:
1770 3081 1918 3161 quia
1978 3078 2305 3145 Johannes
2367 3079 2622 3162 quidem
2668 3076 2918 3158 signum
2963 3075 3117 3139 fecit

514 3184 775 3249 nullum,
867 3187 970 3249 42.
1049 3183 1282 3249 Omnia
1329 3190 1542 3248 autem
1591 3203 2007 3266 quaecunque
2068 3186 2395 3250 Johannes
2444 3184 2605 3247 dixit
2650 3183 2729 3246 de
2775 3181 2914 3259 hoc,
2962 3198 3119 3244 uera

520 3294 724 3354 eraut.
773 3290 860 3353 Et
904 3289 1087 3353 multi
1137 3289 1544 3352 crediderunt
1590 3290 1653 3354 in
1700 3307 1868 3354 eum.

717 3495 844 3564 XI.
899 3498 955 3562 1.
1002 3496 1161 3562 Erat
1206 3502 1416 3562 autem
1464 3497 1722 3578 quidam
1758 3496 2062 3577 iufirmuS,
2112 3497 2370 3561 nomine
2402 3497 2679 3561 Lazarus
2711 3516 2748 3561 a
2778 3493 3115 3575 Bethania,

507 3606 584 3668 de
611 3603 872 3666 castello
919 3601 1165 3667 Mariae
1211 3607 1275 3667 et
1326 3603 1636 3684 Marthae,
1685 3604 1921 3669 sororis
1970 3604 2125 3668 eius,
2176 3603 2234 3666 2.
2268 3601 2476 3666 Maria
2508 3607 2719 3666 autem
2756 3606 2920 3679 erat,
2951 3617 3120 3680 quae

510 3709 692 3773 unxit
737 3709 958 3772 Jesum
1011 3714 1330 3788 unguento
1376 3713 1443 3774 et
1488 3709 1755 3772 extersit
1801 3708 1998 3789 pedes
2046 3708 2186 3773 eius
2222 3707 2469 3789 capillis
2507 3709 2659 3788 suis,
2708 3708 2889 3771 cuius
2913 3705 3119 3771 frater

511 3814 791 3879 Lazarus
838 3811 1293 3877 infirmabatur.
1367 3816 1425 3879 3.
1475 3813 1794 3878 Miserunt
1836 3832 1986 3895 ergo
2035 3813 2113 3877 ad
2161 3812 2385 3877 Jesum
2448 3813 2766 3877 dicentes:
2842 3812 3117 3889 domine,

518 3938 704 3999 quem
749 3937 943 3998 amas,
991 3937 1137 3983 ecce
1182 3915 1561 3982 infirmatur.
1609 3919 1667 3983 4.
1718 3918 1988 3982 Audiuit
2021 3916 2213 3983 Jesus
2246 3921 2310 3981 et
2334 3918 2528 3982 dixit:
2581 3914 3119 3982 Haecinfirmitas

515 4042 640 4087 non
686 4027 784 4088 est
832 4024 911 4088 ad
954 4030 1242 4105 mortem,
1291 4024 1407 4088 sed
1452 4042 1566 4103 pro
1613 4023 1911 4106 claritate
1960 4022 2083 4099 dei,
2130 4028 2201 4087 ut
2226 4021 2611 4086 clarificetur
2657 4022 2825 4087 filius
2876 4022 2977 4084 dei
3003 4039 3119 4100 per

519 4129 744 4209 ipsum.
795 4129 852 4193 5.
884 4128 1206 4210 Diligebat
1264 4133 1477 4192 autem
1525 4125 1717 4192 Jesus
1765 4127 2084 4191 Mai-tham
2111 4133 2181 4193 et
2225 4145 2506 4192 sororem
2554 4128 2692 4191 eius
2739 4126 3007 4190 Mariam
3055 4129 3121 4189 et

517 4232 854 4299 Lazarum.
948 4237 1006 4297 6.
1070 4233 1159 4297 Ut
1222 4251 1370 4313 ergo
1433 4230 1909 4314 audi-uit‚—quia
1953 4229 2334 4310 infirmatur,
2381 4237 2535 4295 tunc
2580 4231 2836 4312 quidem
2886 4231 3123 4293 mansit

517 4336 712 4403 Jesus
758 4339 824 4401 in
874 4338 1094 4402 eodem
1143 4337 1279 4400 loco
1328 4338 1486 4400 duos
1536 4335 1691 4401 dies
1786 4337 1841 4401 7.
1893 4337 2141 4401 Deinde
2190 4341 2332 4419 post
2377 4336 2535 4401 haec
2581 4336 2738 4400 dicit
2784 4333 3119 4416 discipulis

515 4444 681 4507 suis:
732 4444 970 4508 Eamus
1017 4442 1081 4506 in
1127 4441 1438 4530 ‚Iudaeam
1487 4443 1741 4507 iterumi
1807 4441 1865 4507 8.
1915 4441 2152 4505 Dicunt
2199 4443 2255 4506 ei
2305 4441 2638 4524 discipuli:
2706 4439 2909 4519 rabbi,
2955 4455 3121 4503 nuuc

517 4550 910 4629 quaerebant
969 4552 1033 4612 te
1080 4546 1364 4627 lapidare
1410 4545 1662 4627 Judaei,
1731 4552 1795 4611 et
1856 4548 2084 4610 iterum
2134 4546 2315 4612 uadis
2364 4546 2565 4610 illuc?
2656 4546 2714 4609 9.
2763 4544 3122 4625 Respondit

520 4652 742 4719 Jesus:
834 4653 1058 4718 Nonne
1102 4651 1247 4715 XII.
1298 4650 1492 4716 horae
1540 4657 1692 4717 sunt
1738 4651 1913 4715 diei?
2004 4652 2067 4717 Si
2116 4652 2257 4734 quis
2307 4647 3119 4725 ambulauerit‘interdiuS,

523 4778 644 4824 non
692 4758 974 4838 offendit,
1023 4760 1169 4842 quia
1220 4758 1418 4822 lucem
1466 4758 1683 4821 mundi
1731 4757 1925 4821 huius
1973 4756 2178 4836 uidet3
2259 4758 2354 4821 10.
2404 4756 2457 4821 si
2506 4756 2646 4838 quis
2693 4753 3124 4819 ambulaberit
