3484 5617
296 414 363 467 O.
406 422 485 468 13.
1048 416 1416 485 Euangelium
1454 418 1753 470 secundum
1794 417 2159 472 Matthaeum.
2827 426 2907 490 19

300 625 661 716 ellegerunt
704 626 978 706 optimos
1046 627 1251 707 pisces
1300 629 1365 692 in
1416 625 1587 694 uasis
1632 629 1789 710 31113,
1854 630 2055 695 1116163
2118 617 2336 696 autem
2372 629 2686 697 miserunt
2728 631 2903 699 foris.

302 730 402 793 49.
454 729 558 795 Sic
603 731 731 796 erit
773 731 838 797 in
888 732 1430 797 consummatione
1494 734 1778 800 saeculi:
1830 735 2095 801 exibunt
2139 733 2354 817 angeli
2402 741 2467 801 et
2515 737 2908 821 separabunt

302 835 504 916 malos
552 836 632 900 de
680 838 888 902 medio
935 837 1265 902 iustorum.
1358 836 1462 902 50.
1510 842 1574 903 et
1620 837 1877 905 mittent
1925 858 2035 906 eos
2081 841 2146 905 16
2194 841 2511 907 6611116616
2558 842 2744 924 ignis,
2793 842 2901 907 ubi

302 940 427 1005 erit
472 938 662 1006 fletus
708 946 774 1006 et
820 941 938 1005 stri
978 992 989 1006 .
1024 992 1038 1006 .
1075 994 1085 1006 .
1141 941 1443 1007 dentium.
1493 940 1596 1006 51.
1644 943 2065 1008 Intellexistis
2108 943 2269 1008 haec
2316 944 2573 1010 omnia?
2665 946 2907 1013 Dicunt

302 1045 395 1110 ei:
448 1044 706 1128 Utique,
757 1046 1028 1112 domine.
1078 1048 1182 1111 52.
1230 1045 1315 1111 Ε1
1362 1048 1454 1111 ait
1478 1046 1637 1113 illis:
1688 1048 1840 1112 Ideo
1874 1048 2078 1112 omnis
2111 1048 2321 1114 scriba
2354 1048 2578 1114 doctus
2610 1051 2675 1115 in
2707 1070 2902 1134 regno

304 1150 618 1215 caelorum
669 1151 898 1217 similis
945 1155 1043 1217 est
1085 1152 1328 1217 homini
1391 1152 1565 1233 patri
1611 1151 1905 1231 familias,
1977 1151 2086 1233 qui
2133 1151 2376 1235 profert
2423 1153 2502 1219 de
2549 1154 2896 1221 thensauro

306 1273 419 1319 suo
468 1274 633 1320 noua
679 1262 745 1322 et
794 1262 1033 1321 uetera.
1083 1258 1187 1322 53.
1237 1256 1323 1321 Ε1
1366 1255 1607 1322 factum
1657 1259 1756 1321 est
1782 1274 1920 1321 cum
1951 1262 2459 1323 consummasset
2478 1256 2672 1324 Jesus
2721 1279 2901 1340 para-

308 1357 484 1422 bolas
531 1358 708 1440 13163,
777 1360 1034 1425 11663111
1081 1360 1247 1425 inde.
1342 1362 1445 1425 54.
1510 1360 1596 1425 Ε1
1643 1362 1906 1425 ueniens
1951 1361 2016 1426 in
2064 1362 2336 1442 patriam
2406 1379 2586 1427 suam
2635 1364 2904 1429 docebat

300 1481 409 1527 663
458 1463 521 1527 16
571 1466 916 1546 synagogis
985 1484 1223 1543 eorum,
1294 1465 1385 1529 ita
1433 1470 1502 1529 ut
1549 1466 1939 1531 mirarentur
2008 1470 2073 1531 et
2119 1464 2445 1531 dicerent:
2514 1465 2705 1533 Unde
2752 1469 2901 1535 huic

298 1566 615 1648 sapientia
662 1568 819 1633 haec
866 1575 930 1632 et
979 1569 1301 1634 uirtutes?
1393 1569 1494 1635 55.
1544 1569 1769 1635 Nonne
1831 1568 1933 1634 hic
1993 1575 2093 1635 est
2137 1568 2306 1635 filius
2369 1570 2637 1653 Josephi
2689 1571 2903 1637 fabri?

297 1673 521 1738 Nonne
568 1677 770 1737 mater
816 1672 956 1738 eius
1003 1673 1240 1739 dicitur
1287 1671 1496 1738 Maria
1544 1678 1609 1738 et
1653 1673 1888 1739 fratres
1935 1674 2073 1740 eius
2122 1673 2402 1741 Jacobus
2448 1680 2516 1741 et
2560 1676 2806 1758 Joseph
2832 1682 2897 1741 et

300 1779 515 1843 Simon
562 1782 627 1843 et
673 1777 712 1843 J
720 1778 932 1844 udas?
1023 1779 1128 1846 56.
1177 1783 1243 1844 61
1289 1797 1540 1844 3616163
1608 1778 1749 1843 eius
1815 1797 2023 1843 nonne
2071 1796 2286 1844 616663
2333 1783 2490 1871 aput
2537 1798 2654 1845 nos
2701 1781 2903 1846 sunt?

298 1884 400 1949 57.
449 1882 635 1947 Unde
694 1901 844 1965 ergo
906 1883 1054 1948 huic
1115 1885 1326 1949 omnia
1376 1886 1514 1949 ista.
1606 1881 1694 1947 Et
1736 1882 2333 1950 scandalizabantur
2397 1885 2458 1950 in
2509 1903 2603 1950 eo.
2702 1884 2900 1951 Jesus

300 1993 515 2053 autem
562 1988 724 2052 dixit
769 1989 893 2053 eis:
942 1989 1084 2053 Non
1148 1988 1462 2071 propheta
1523 1988 1664 2053 sine
1709 1987 1949 2054 honore
2017 1989 2140 2055 nisi
2185 1989 2252 2053 in
2298 1989 2510 2071 patria
2556 2009 2673 2055 sua
2720 1998 2783 2056 et
2830 1991 2898 2053 16

299 2094 486 2158 (16616
534 2111 668 2159 366.
716 2094 818 2159 58.
868 2093 955 2158 Et
1001 2092 1143 2159 ideo
1191 2112 1316 2158 666
1361 2091 1514 2159 fecit
1559 2093 1647 2158 ibi
1697 2090 1975 2159 uirtutes
2009 2095 2256 2159 ¹multas
2305 2099 2567 2178 propter
2612 2094 2903 2161 incredu-

298 2198 551 2262 litatem
596 2196 867 2263 illorum.

506 2386 715 2455 XIV.
764 2392 818 2453 1.
867 2389 942 2453 In
989 2387 1099 2455 illo
1148 2393 1437 2472 tempore
1483 2388 1691 2454 audiit
1739 2385 2030 2455 Herodes
2072 2389 2401 2456 tetrarcha
2447 2388 2679 2455 famam
2726 2389 2904 2469 Jesu‚

295 2500 361 2560 61
406 2496 498 2558 611
542 2494 762 2574 pueris
808 2493 972 2560 suis:
1023 2498 1079 2560 2.
1131 2494 1453 2577 Numquid
1498 2494 1602 2559 hic
1638 2497 1739 2559 est
1785 2485 2115 2560 Johannes
2160 2495 2478 2577 Baptista,
2551 2513 2752 2577 quem·
2787 2513 2905 2578 ego

298 2598 646 2678 decollaui3
692 2600 832 2681 ipse
877 2599 1158 2665 surrexit
1216 2619 1253 2664 a
1299 2599 1570 2665 mortuis
1634 2604 1698 2665 et
1760 2598 1906 2663 ideo
1954 2598 2231 2665 uirtutes
2292 2604 2651 2682 operantur
2697 2597 2760 2664 in
2809 2617 2901 2664 eo.

298 2707 355 2769 3.
405 2703 695 2769 Herodes
741 2706 909 2769 enim
957 2705 1164 2769 tenuit
1210 2703 1548 2769 Johannen
1596 2709 1663 2770 et
1707 2703 1999 2785 alligauit
2046 2723 2189 2768 eum
2236 2710 2301 2771 et
2350 2704 2526 2769 misit
2551 2704 2617 2770 in
2651 2722 2905 2768 carcere

298 2812 560 2888 propter
605 2808 1054 2890 Herodiadem,
1102 2827 1361 2873 uxorem
1431 2806 1648 2873 fratris
1696 2807 1794 2873 sui
1843 2807 2107 2891 Filippi.
2175 2810 2235 2872 4.
2287 2808 2566 2874 Dicebat
2608 2809 2776 2873 enim
2806 2805 2903 2872 illi

298 2911 658 2978 Joliannes:
729 2911 868 2977 Non
937 2913 1091 2977 licet
1156 2913 1274 2977 tibi
1345 2912 1583 2977 habere
1648 2931 1831 2990 eam;
1882 2910 1939 2978 5.
1990 2917 2055 2977 et
2101 2913 2319 2979 volens
2375 2912 2552 2977 illum
2607 2913 2900 2978 occidere

296 3017 510 3083 timuit
554 3016 876 3099 populum,
951 3017 1101 3098 quia
1146 3017 1317 3082 sicut
1362 3016 1737 3098 prophetam
1788 3035 1933 3081 eum
1978 3015 2317 3083 habebant.
2410 3020 2469 3083 6.
2522 3016 2648 3082 Die.
2689 3022 2902 3083 autem

298 3121 534 3188 natalis
583 3122 860 3188 Herodis
908 3122 1175 3188 saltauit
1220 3120 1352 3187 filia
1397 3121 1782 3186 Herodiadis
1844 3122 1908 3187 in
1955 3121 2163 3187 medio
2225 3121 2505 3187 triclinio
2551 3125 2618 3188 et
2663 3121 2903 3204 placuit

298 3226 556 3293 Herodi.
630 3229 686 3292 7.
737 3224 923 3292 Unde
986 3245 1124 3292 cum
1188 3227 1544 3292 iuramento
1591 3224 1919 3307 pollicitus
1980 3231 2080 3291 est
2125 3225 2183 3291 ei
2231 3225 2407 3301 dare,
2456 3221 2900 3309 quodcumque

296 3331 686 3414 postulasset
729 3332 810 3396 ab
856 3349 950 3396 eo.
1000 3332 1058 3395 8.
1108 3330 1205 3395 Ad
1254 3331 1364 3394 illa
1410 3331 1809 3413 praemonita
1836 3334 2101 3397 amatre
2128 3349 2242 3396 sua
2288 3331 2483 3397 dixit:
2533 3331 2634 3396 Da
2656 3329 2811 3397 mihi
2834 3332 2900 3397 in

297 3436 468 3502 disco
492 3444 683 3519 caput
708 3435 747 3500 J
752 3434 1020 3501 ohannis
1037 3435 1388 3517 Baptistae.
1419 3438 1476 3501 9.
1504 3436 1589 3501 Et
1608 3436 2023 3526 contristatus
2042 3436 2142 3500 est
2166 3453 2277 3500 rex
2297 3434 2603 3520 Herodes,
2634 3441 2895 3518 propter

298 3542 720 3607 iuramentum
769 3546 834 3607 et
878 3545 1137 3623 propter
1185 3539 1370 3605 simul
1419 3541 1860 3606 recumbentes
1890 3540 2082 3606 iussit
2115 3540 2270 3605 dari,
2327 3541 2422 3607 10.
2472 3538 2654 3605 Misit
2685 3546 2897 3605 autem

299 3652 364 3713 et
387 3646 730 3712 decollauit
753 3644 1112 3712 Johannem
1140 3647 1202 3709 in
1229 3664 1501 3711 6616616.
1556 3648 1653 3711 11.
1681 3646 1768 3711 Ε1
1794 3646 2074 3710 adlatum
2107 3648 2206 3710 est
2239 3649 2429 3727 caput
2455 3644 2594 3711 eius
2618 3646 2684 3710 in
2718 3645 2893 3711 disco

294 3757 359 3817 et
407 3753 622 3818 datum
671 3754 772 3817 est
817 3750 1102 3832 puellae3
1152 3751 1367 3832 puella
1428 3754 1642 3816 autem
1703 3748 1941 3817 detulit
2003 3751 2190 3815 matri
2241 3768 2413 3815 suae.
2513 3751 2611 3815 12.
2663 3749 2749 3815 Et
2795 3769 2896 3815 ac·

296 3861 626 3924 cesserunt
670 3856 965 3937 discipuli
1013 3854 1327 3922 ‚Iohannis
1375 3859 1442 3920 et
1487 3857 1775 3919 tulerunt
1819 3872 2048 3937 corpus
2097 3860 2162 3920 et
2206 3853 2601 3938 sepelierunt
2645 3853 2805 3920 illud
2832 3860 2901 3920 et

294 3969 607 4029 uenerunt.
629 3967 695 4027 et
719 3960 1251 4026 renuntiauerant
1276 3960 1452 4028 Jesu.
1511 3964 1606 4027 13.
1657 3960 1795 4038 Quo
1844 3960 2062 4026 audito
2109 3960 2301 4027 Jesus
2329 3962 2597 4028 secessit
2636 3960 2785 4026 inde
2830 3961 2895 4026 in

295 4067 591 4135 nauicula
623 4069 687 4133 in
726 4068 930 4133 locum
967 4067 1294 4133 desertum
1327 4085 1630 4133 seorsum.
1674 4064 1762 4130 Et
1796 4085 1936 4131 cum
1968 4065 2302 4131 audissent
2345 4067 2597 4146 turbae,
2634 4069 2893 4131 secutae

295 4179 444 4241 sunt
488 4192 632 4240 eum
681 4173 1011 4255 pedestres
1089 4173 1166 4238 de
1213 4172 1584 4238 ciuitatibus
1632 4176 1697 4237 et
1742 4170 1934 4237 uillis.
2038 4171 2129 4237 14.
2176 4171 2265 4237 Ε1
2313 4173 2382 4235 61
2438 4170 2605 4236 uidit
2646 4170 2896 4237 turbam

295 4279 577 4359 multam,
642 4278 944 4343 misertus
994 4282 1092 4343 est
1137 4277 1267 4343 illis
1315 4282 1380 4342 et
1428 4276 1680 4343 curauit
1725 4275 2066 4359 languidos
2125 4294 2364 4341 eorum.
2462 4276 2561 4343 15.
2609 4275 2896 4360 Uespere

291 4388 502 4450 autem
571 4382 741 4450 facto
813 4385 1227 4450 accesserunt
1289 4383 1370 4448 ad
1418 4401 1559 4449 eum
1623 4381 1925 4464 discipuli
1990 4381 2309 4449 dicentes:
2361 4381 2670 4448 Desertus
2718 4382 2894 4447 locus

295 4494 393 4554 est
439 4494 503 4555 et
547 4489 706 4555 hora
753 4490 878 4553 iam
924 4488 1280 4571 praeteriit,
1331 4488 1577 4553 dimitte
1624 4487 1864 4566 11111163,
1914 4492 1986 4552 ut
2031 4492 2258 4553 euntes
2291 4486 2358 4553 in
2392 4488 2653 4553 castella
2683 4491 2895 4553 emant

297 4595 414 4659 sibi
460 4612 661 4660 escas,
717 4595 812 4659 16.
861 4594 1051 4661 Jesus
1100 4600 1308 4659 autem
1361 4592 1561 4657 dixit:
1612 4592 1748 4657 Non
1796 4593 2033 4658 habent
2099 4610 2360 4657 necesse
2402 4591 2519 4670 ire,
2572 4592 2719 4656 date
2762 4592 2892 4657 illis

296 4713 409 4763 uos
476 4699 878 4765 manducare.
980 4701 1071 4764 17.
1139 4696 1627 4780 Responderunt
1697 4696 1791 4760 ei:
1859 4695 1996 4760 Non
2068 4695 2372 4782 habemus
2442 4694 2564 4762 nisi
2613 4695 2893 4779 quinque

2517 4830 2579 4884 2⁴}
