3484 5617
306 499 364 554 C.
405 504 485 552 17.
1058 492 1422 563 Euangelium
1461 492 1767 550 secundum
1806 493 2165 549 Matthaeum.
2826 497 2910 563 23

304 707 445 773 dico
497 707 696 788 uobis,
748 705 1046 787 quoniam
1093 709 1239 771 sunt
1302 704 1503 787 aliqui
1552 706 1629 770 de
1675 706 1820 772 istis
1867 704 2287 783 adstantibus»,
2354 706 2461 787 qui
2517 695 2642 772 non
2688 714 2906 791 gusta·

304 816 466 880 bunt
511 817 797 892 mortem,
846 811 1046 877 donec
1095 811 1355 878 uideant
1416 810 1615 877 filium
1663 811 1933 876 hominis
1992 812 2467 877 uenientem-in
2514 830 2710 896 regno
2771 832 2907 880 suo.

508 1019 744 1089 XVII.
797 1023 855 1087 1.
904 1020 989 1086 Et
1032 1021 1270 1087 factum
1317 1024 1417 1086 est
1461 1025 1610 1103 post
1656 1022 1794 1086 dies
1842 1041 1952 1088 sex
2001 1023 2362 1105 adsumpsit
2405 1018 2598 1089 Jesus
2644 1024 2904 1088 Petrum

303 1133 370 1192 et
415 1126 725 1193 ‚Iacobum
773 1132 837 1191 et
881 1125 1240 1191 Johannem
1300 1126 1564 1192 fratrem
1627 1128 1764 1192 eius
1811 1132 1875 1192 et
1923 1127 2099 1194 ducit
2158 1127 2304 1194 illos
2350 1126 2414 1192 111
2460 1133 2738 1194 montem
2799 1147 2903 1194 ex·

304 1234 544 1297 celsum
608 1250 913 1307 seorsum,
971 1233 1020 1302 2
1065 1235 1130 1295 et
1175 1229 1670 1313 transfiguratus
1730 1236 1830 1297 est
1871 1231 2063 1322 Jesus
2110 1238 2256 1299 ante
2302 1252 2427 1299 eos.
2499 1232 2585 1298 Et
2628 1233 2907 1315 resplen-

301 1337 443 1401 duit
487 1336 686 1402 facies
734 1337 872 1401 eius
937 1336 1103 1401 sicut
1149 1336 1265 1416 sol,
1312 1338 1698 1402 uestimenta
1744 1342 1956 1402 autem
2021 1339 2160 1404 eius
2204 1336 2376 1403 facta
2421 1343 2573 1403 sunt
2633 1336 2909 1403 candida

300 1442 464 1506 sicut
526 1442 654 1506 nix.
724 1443 784 1507 3.
832 1439 919 1505 Et
983 1458 1130 1505 ecce
1192 1443 1492 1523 apparuit
1553 1441 1680 1506 illis
1746 1441 1999 1523 Moyses
2060 1446 2127 1507 et
2188 1441 2409 1508 Helias
2471 1462 2611 1506 cum
2676 1461 2751 1507 eo
2813 1442 2903 1505 lo—

300 1551 590 1625 quentes.
682 1545 745 1609 4.
814 1544 1231 1625 Respondeas
1301 1550 1515 1610 autem
1588 1547 1816 1611 Petrus
1892 1548 2054 1612 dixit
2121 1548 2203 1612 ad
2271 1547 2529 1613 Jesum:
2614 1548 2903 1624 Domine,

297 1650 532 1714 bonum
584 1653 683 1716 est
707 1668 823 1714 nos
868 1649 975 1714 hic
1021 1667 1183 1728 esse,
1232 1650 1286 1714 si
1318 1650 1418 1715 uis
1466 1649 1694 1715 faciam
1739 1650 1845 1716 hic
1875 1651 2000 1716 tria
2046 1652 2477 1730 tabernacula,
2523 1652 2642 1716 tibi
2689 1670 2903 1734 uuum,

300 1752 526 1819 Heliae
558 1774 751 1819 unum
787 1761 852 1819 et
884 1753 1090 1837 Moysi
1126 1773 1340 1819 unum.
1391 1754 1448 1820 5.
1484 1754 1710 1821 Adhuc
1742 1775 1817 1821 eo
1849 1756 2148 1837 loquente
2181 1774 2330 1844 ecce
2361 1756 2523 1821 nubs
2557 1755 2767 1820 lucida
2811 1757 2903 1819 in-

302 1859 625 1923 umbrauit
670 1877 801 1926 eos,
851 1858 938 1924 Et
999 1877 1146 1924 ecce
1206 1879 1331 1925 uox
1377 1860 1456 1923 de
1503 1860 1670 1932 nube
1719 1860 1971 1926 dicens:
2039 1860 2160 1926 Hic
2207 1866 2306 1926 est
2353 1858 2522 1926 filius
2589 1878 2766 1925 meus
2812 1860 2903 1924 di-

303 1963 531 2043 lectuS‚
580 1965 644 2029 in
705 1982 829 2046 quo
876 1963 1030 2029 mihi
1092 1964 1252 2052 bene
1315 1965 1687 2046 complacui,
1752 1965 1958 2046 ipsum
2009 1964 2245 2040 audite.
2316 1967 2374 2029 6.
2425 1965 2510 2029 Et
2571 1964 2903 2029 audientes

302 2069 601 2149 discipuli
652 2069 1018 2135 ceciderunt
1065 2068 1385 2133 infaciem
1437 2088 1612 2135 suam
1648 2074 1713 2134 et
1742 2070 2095 2135 timuerunt
2141 2069 2353 2135 ualde.
2404 2071 2460 2135 7.
2510 2070 2597 2135 Et
2630 2069 2905 2135 accessit

295 2172 490 2239 Jesus
549 2176 615 2239 et
675 2173 891 2256 tetigit
952 2192 1059 2238 eos
1125 2173 1407 2255 dixitque
1471 2173 1596 2238 eis:
1662 2173 1917 2257 Surgite
1964 2167 2029 2238 et
2076 2174 2274 2238 nolite
2331 2175 2580 2240 timere.
2675 2175 2732 2238 8.
2785 2174 2904 2237 Le-

298 2273 784 2343 uantes'autem
846 2278 1064 2344 oculos
1111 2296 1262 2342 suos
1325 2280 1639 2344 neminem
1704 2280 2030 2363 uiderunt,
2094 2279 2217 2344 nisi
2280 2278 2484 2344 solum
2548 2278 2790 2344 Jesum.
2841 2278 2899 2342 9.

294 2383 381 2448 Et
427 2383 965 2449 descendentibus
1012 2384 1144 2449 illis
1192 2384 1270 2448 de
1318 2388 1531 2448 monte
1576 2385 1909 2465 praecepit
1956 2385 2049 2449 eis
2092 2384 2285 2449 Jesus
2347 2384 2600 2449 dicens:
2648 2382 2902 2449 Nemini

300 2490 593 2554 dixeritis
625 2489 855 2567 uisum,
907 2488 1107 2554 donec
1154 2485 1326 2552 filius
1371 2489 1645 2554 hominis
1678 2507 1714 2552 a
1746 2489 2017 2554 mortuis
2066 2492 2374 2570 resurgat.
2431 2491 2527 2554 10.
2576 2489 2664 2553 Et
2706 2473 2902 2553 interss

293 2598 685 2674 rogauerunt
729 2612 876 2658 eum
942 2593 1236 2675 discipuli
1305 2594 1625 2659 dicentes:
1690 2593 1858 2671 Quid
1905 2612 2055 2676 ergo
2119 2594 2366 2659 scribae
2432 2593 2669 2677 dicunt,
2734 2595 2901 2675 quol

296 2698 543 2763 Heliam
594 2703 843 2779 oportet
888 2698 1161 2779 primum
1222 2699 1490 2764 uenire?
1561 2701 1658 2763 11.
1713 2698 1811 2762 Ad
1859 2700 1997 2780 ipse
2044 2700 2437 2779 respondens
2486 2700 2613 2763 ait:
2677 2698 2902 2763 Helias

295 2804 547 2885 quidem
606 2809 917 2868 uenturus
962 2808 1063 2868 est
1128 2804 1469 2868 restituere
1517 2803 1745 2867 omnia.
1842 2804 1942 2866 12.
1991 2803 2149 2867 Dico
2200 2808 2413 2867 autem
2458 2802 2666 2885 uobis,
2730 2804 2901 2883 quod

298 2907 517 2973 Helias
579 2908 704 2972 iam
751 2909 950 2989 uenit,
1020 2914 1085 2972 et
1146 2926 1270 2972 non
1335 2911 1774 2989 cognouerunt
1841 2926 1983 2972 eum
2048 2914 2111 2972 et
2172 2906 2462 2972 fecerunt
2521 2908 2601 2987 ei,
2664 2911 2901 2987 quanta

293 3013 651 3077 uoluerunt.
714 3014 804 3076 13.
854 3013 939 3077 Et
982 3017 1135 3078 tunc
1183 3012 1634 3077 intellexerunt
1680 3012 1999 3095 discipuli,
2047 3013 2217 3093 quod
2265 3011 2344 3075 de
2391 3011 2683 3076 Johanne
2731 3011 2896 3093 Bap-

291 3117 444 3181 tista
507 3118 740 3181 dixerit
800 3116 961 3183 illis:
1028 3116 1131 3183 Sic
1201 3122 1266 3181 et
1310 3114 1480 3181 filius
1544 3116 1820 3183 hominis
1885 3135 2148 3182 necesse
2214 3115 2404 3204 habet
2465 3116 2600 3198 pati
2656 3116 2735 3180 ab
2782 3117 2895 3181 eis.

301 3223 394 3284 14.
443 3220 531 3285 Et
577 3240 714 3285 cum
766 3222 1050 3286 uenisset
1097 3221 1176 3285 ad
1237 3221 1509 3301 turbam,
1557 3224 1829 3287 accessit
1874 3222 1955 3286 ad
2004 3240 2146 3285 eum
2208 3220 2393 3286 homo
2440 3220 2709 3302 genibus
2761 3238 2899 3300 pro·

290 3325 547 3390 uolutus
595 3331 743 3390 ante
790 3345 930 3390 eum
979 3345 1210 3407 rogans
1259 3344 1403 3391 eum
1449 3332 1515 3391 et
1563 3327 1819 3392 dicens:
1882 3325 2155 3406 domine,
2204 3325 2513 3391 miserere
2557 3322 2686 3389 filio
2733 3342 2894 3402 me0‚

293 3431 441 3510 quia
490 3429 810 3494 lunaticus
874 3434 974 3494 est
1018 3435 1084 3494 et
1129 3431 1293 3495 male
1353 3436 1726 3512 torquetur;
1782 3451 1928 3497 nam
1990 3448 2183 3513 saepe
2229 3430 2404 3495 cadit
2465 3430 2529 3493 in
2576 3430 2785 3512 ignem
2832 3433 2899 3493 et

294 3534 633 3616 aliquando
696 3536 760 3598 in
810 3554 1058 3617 aquam.
1135 3536 1232 3601 15.
1282 3536 1388 3600 Et·
1430 3536 1637 3617 optuli
1700 3554 1844 3600 eum
1894 3533 2224 3615 discipulis
2285 3533 2436 3613 tuiS,
2498 3537 2565 3597 et
2608 3551 2732 3596 non
2792 3550 2896 3613 po-

290 3644 556 3703 tuerunt
600 3657 824 3703 curare
871 3633 1033 3704 eum.
1076 3641 1186 3704 16.
1235 3640 1659 3722 Respondeas
1705 3639 1899 3705 Jesus
1946 3641 2069 3706 ait.
2144 3638 2200 3703 O
2246 3637 2573 3721 generatio
2623 3636 2894 3701 incredi-

293 3742 439 3808 bilis
486 3756 551 3807 et
599 3762 924 3825 peruersa,
974 3762 1304 3824 quousque
1355 3745 1560 3825 patiar
1605 3744 1765 3809 uos?
1813 3762 2138 3825 quousque
2189 3762 2296 3808 ero
2346 3741 2719 3807 uobiscum?
2767 3740 2894 3803 Ad·

293 3846 457 3912 ferte
503 3848 626 3912 huc
659 3848 835 3913 illum
872 3849 949 3912 ad
982 3866 1105 3912 me.
1160 3850 1257 3915 17.
1293 3848 1380 3912 Et
1411 3848 1775 3930 increpauit
1821 3867 1962 3911 eum
1995 3846 2209 3927 Jesus‚
2242 3853 2306 3911 et
2338 3847 2495 3910 exiit
2526 3846 2603 3910 ab
2637 3864 2711 3910 eo
2745 3846 2892 3908 dae·

296 3953 591 4031 monium,
639 3958 707 4017 et
752 3958 1014 4017 curatus
1063 3958 1161 4017 est
1224 3972 1380 4034 puer
1427 3971 1503 4017 ex
1553 3952 1664 4017 illa
1710 3952 1890 4018 hora.
1958 3955 2054 4019 18.
2104 3953 2282 4017 Tunc
2343 3956 2756 4017 accesserunt
2803 3950 2895 4014 di-

291 4058 524 4138 scipuli
560 4058 641 4121 ad
687 4055 911 4122 Jesum
946 4063 1194 4122 secreto
1244 4062 1310 4121 et
1355 4058 1655 4123 dixerunt
1686 4058 1783 4122 ei:
1834 4057 2103 4136 domine,
2152 4074 2348 4139 quare
2395 4073 2509 4121 nos
2542 4074 2665 4120 non
2714 4058 2893 4135 potu-

295 4164 459 4226 imus
507 4164 717 4227 eicere
762 4161 989 4227 illum?
1039 4164 1137 4226 19.
1189 4162 1363 4228 Dicit
1408 4162 1538 4227 illis
1584 4164 1812 4228 Jesus:
1864 4164 2134 4243 Propter
2180 4160 2692 4227 incredulitatem
2756 4178 2894 4225 ues-

288 4274 469 4332 tram.
537 4270 737 4331 Amen
801 4268 942 4332 dico
1002 4268 1210 4347 uobiS,
1276 4270 1329 4334 si
1407 4268 1784 4335 habueritis·
1825 4267 2011 4332 fidem
2077 4267 2243 4333 sicut
2305 4275 2572 4348 granum
2635 4266 2893 4348 sinapiS,

292 4372 595 4438 diceretis
641 4374 836 4437 monti
884 4373 1065 4439 huic:
1117 4372 1346 4438 Transi
1398 4374 1544 4439 hinc
1591 4371 1760 4458 illuc,
1811 4383 1877 4437 et
1921 4372 2235 4452 transibit,
2286 4377 2350 4436 et
2398 4370 2555 4435 nihil
2602 4371 2890 4450 impossi—

288 4478 415 4543 bile
461 4479 586 4543 erit
631 4479 828 4545 uobis.
878 4480 981 4545 20.
1029 4478 1167 4544 Hoc
1213 4485 1424 4543 autem
1472 4497 1671 4559 genus
1719 4478 2126 4543 daemonium
2176 4497 2299 4542 non
2348 4476 2579 4541 eicitur
2624 4474 2748 4538 nisi
2783 4493 2894 4556 per

290 4583 638 4647 orationem
686 4589 750 4648 et
797 4584 1122 4649 ieiunium.
1187 4586 1287 4647 21.
1359 4583 1525 4665 Ipsis
1572 4588 1787 4647 autem
1836 4580 2365 4648 conuersantibus
2428 4580 2489 4642 in
2538 4578 2892 4644 Galilaeam

292 4686 450 4750 dixit
493 4681 1082 4754 Jesusz'Futurum
1156 4694 1274 4766 est,
1324 4693 1395 4752 ut
1441 4685 1610 4751 filius
1661 4686 1932 4752 hominis
1995 4685 2288 4752 tradatur
2332 4685 2395 4749 in
2442 4683 2735 4748 manibus
2781 4682 2890 4746 ho-

287 4791 545 4872 minum,
594 4796 660 4857 et
706 4793 1000 4858 occident
1045 4812 1212 4871 eum,
1261 4797 1326 4856 et
1372 4798 1518 4873 post
1563 4792 1825 4856 tertium
1875 4792 2043 4855 diem
2091 4794 2431 4871 resurget.2
2468 4789 2569 4852 22.
2618 4786 2705 4852 Et
2750 4806 2888 4852 cum
