3484 5617
593 491 677 555 66
1334 482 1698 552 Euangelium
1738 482 2046 538 secundnm
2085 481 2412 537 Johannem.
3018 483 3077 539 Ο.
3119 489 3204 535 14.

588 696 776 779 sequi
836 695 1073 761 modo?
1136 693 1412 758 animam
1472 711 1681 759 meam
1728 711 1958 774 ponam
2007 709 2121 774 pro
2166 697 2251 758 te.
2302 694 2404 759 38.
2454 692 2811 775 Respondit
2858 693 2916 757 ei
2964 692 3206 759 Jesus:

592 793 863 868 'animam
897 805 1075 865 tuam
1108 818 1221 883 pro
1253 817 1354 864 me
1391 801 1573 881 ponis
1597 799 1628 863 ⁶?
1658 799 1881 881 Amen,
1918 816 2099 863 amen
2132 797 2275 863 dico
2311 797 2466 863 tibi:
2499 816 2623 863 non
2656 799 2942 864 cantauit
2970 798 3207 879 gallus,

596 908 802 973 donec
844 910 918 971 tu
966 922 1067 969 me
1111 908 1210 969 ter
1255 922 1468 985 neges.

800 1111 995 1180 XIV.
1051 1116 1105 1178 1.
1152 1111 1292 1176 Non
1354 1110 1650 1176 turbetur
1696 1129 1806 1176 cor
1852 1114 2153 1192 uestrum,
2218 1111 2461 1177 credite
2528 1113 2592 1176 in
2642 1112 2830 1177 deum
2877 1117 2942 1177 ct
2987 1113 3050 1178 in
3101 1131 3210 1176 me

594 1220 854 1286 credite.
903 1221 963 1282 2.
1012 1218 1086 1283 In
1132 1216 1318 1281 domo
1353 1217 1555 1298 patris
1600 1216 1724 1281 mei
1773 1217 2130 1282 mansiones
2195 1215 2435 1282 multae
2482 1222 2653 1296 sunt,
2717 1217 2773 1281 si
2839 1215 3209 1297 quominuS,

594 1325 896 1390 dixissem
967 1322 1172 1405 uobiS‚
1242 1322 1390 1403 quia
1455 1321 1621 1386 uado
1680 1340 1911 1403 parare
1974 1321 2157 1389 uobis
2202 1322 2430 1387 locum.
2506 1324 2567 1388 3.
2643 1320 2730 1386 Et
2774 1321 2828 1386 si
2874 1318 3091 1387 abiero
3141 1324 3213 1387 et

592 1446 1067 1512 praeparauero
1139 1426 1324 1492 uobis
1395 1425 1621 1504 locum,
1684 1426 1917 1489 iterum
1987 1424 2175 1490 uenio
2221 1430 2288 1491 et
2333 1426 2616 1491 accersio
2678 1444 2792 1490 uos
2836 1426 2918 1489 ad
2963 1444 3083 1505 me,
3132 1429 3213 1490 ut

588 1533 710 1598 -ubi
755 1551 873 1614 ego
922 1550 1060 1596 sum
1125 1535 1191 1596 et
1238 1549 1351 1595 uos
1413 1530 1577 1595 sitis.
1666 1530 1730 1593 4.
1781 1528 1865 1593 Et
1911 1547 2034 1610 quo
2083 1528 2249 1594 uado
2296 1531 2497 1609 scitis,
2547 1535 2612 1596 et
2673 1531 2847 1596 uiam
2893 1531 3094 1597 scitis,
3147 1532 3192 1597 5

603 1638 778 1703 Dicit
823 1636 883 1701 ei
927 1636 1242 1702 Thomas:
1320 1636 1591 1711 domine,
1641 1636 1978 1715 nescimus,
2050 1653 2176 1716 quo
2246 1634 2453 1714 uadis,
2501 1635 2818 1716 quomodo
2865 1636 3036 1704 uiam
3083 1635 3210 1699 sci·

600 1742 797 1808 mus?
843 1744 904 1809 6.
951 1741 1128 1806 Dicit
1173 1741 1232 1805 ei
1278 1740 1504 1805 Jesus:
1553 1739 1691 1820 Ego
1738 1758 1880 1805 sum
1926 1740 2034 1805 uia
2077 1743 2144 1804 et
2190 1740 2432 1804 ueritas
2477 1744 2544 1804 et
2589 1741 2745 1805 uita.
2792 1736 2993 1804 Nemo
3025 1741 3215 1804 uenit

597 1848 677 1913 ad
724 1851 995 1929 patrem,
1030 1845 1158 1911 nisi
1205 1863 1324 1926 per
1370 1863 1489 1909 me.
1526 1846 1583 1909 7.
1631 1842 1697 1909 Si
1732 1844 2127 1926 cognouistis
2153 1862 2272 1923 me,
2318 1849 2384 1909 et
2430 1849 2675 1926 patrem
2722 1863 2929 1909 meum
2974 1862 3214 1927 cogno-

596 1952 805 2026 uistis‚
857 1955 923 2015 et
970 1951 1195 2015 amodo
1243 1949 1445 2014 nostis
1491 1966 1636 2012 eum
1683 1952 1751 2012 et
1796 1944 2053 2013 uidistis
2100 1967 2262 2013 eum.
2339 1951 2398 2015 8.
2478 1949 2654 2014 Dicit
2729 1950 2785 2014 oi
2833 1948 3215 2031 Philippus:

598 2057 872 2132 domine,
921 2055 1186 2120 ostende
1248 2053 1432 2119 nobis
1495 2057 1760 2134 patrem,
1823 2051 2169 2132 et-sufficit
2217 2052 2419 2119 nobis.
2510 2054 2565 2119 9.
2648 2053 2823 2118 Dicit
2866 2054 2927 2118 ei
2972 2052 3216 2120 Jesus:

601 2160 808 2226 Tanto
854 2159 1161 2241 temporis
1206 2158 1536 2222 uobiscum
1630 2175 1791 2234 sum,
1838 2163 1906 2221 et
1945 2175 2071 2221 non
2120 2158 2509 2239 cognouistis
2551 2175 2673 2236 me,
2722 2158 3052 2241 Pliilippe3
3101 2158 3212 2243 qui

596 2266 769 2331 -uidit
813 2283 937 2344 me,
983 2264 1149 2329 uidit
1192 2267 1259 2327 et
1308 2269 1598 2343 patrem3
1646 2262 1963 2343 quomodo
2008 2266 2080 2327 tu
2129 2261 2325 2327 dicis:
2374 2263 2640 2329 ostende
2688 2265 2874 2330 nobis
2903 2265 3209 2346 patrem?

604 2372 705 2436 10.
753 2367 896 2434 Non
930 2368 1164 2447 credis,
1195 2369 1347 2449 quia
1379 2385 1495 2448 ego
1530 2365 1593 2430 in
1625 2370 1834 2447 patre,
1882 2373 1948 2430 et
1973 2370 2157 2449 pater
2179 2366 2243 2431 in
2270 2386 2371 2433 me
2398 2368 2542 2433 est?
2596 2365 2828 2447 Uerus,
2878 2387 3045 2452 quae
3086 2387 3212 2451 ego

600 2475 828 2556 loquor
856 2472 1059 2554 uobiS,
1109 2490 1145 2537 a
1191 2490 1291 2537 me
1340 2471 1479 2552 ipso
1525 2490 1648 2535 non
1698 2471 1946 2552 loquor.
2019 2471 2206 2537 Pater
2256 2477 2470 2537 autem
2517 2473 2585 2538 iu
2614 2492 2714 2537 me
2748 2492 3032 2553 manenS,
3065 2475 3210 2556 ipse

602 2579 899 2662 loquitur,
945 2583 1012 2643 et
1064 2595 1280 2658 opera,
1329 2594 1493 2657 quae
1541 2594 1660 2657 ego
1691 2574 1882 2655 facio,
1928 2577 2071 2657 ipse
2117 2575 2292 2642 facit.
2378 2579 2473 2642 11.
2524 2575 2784 2643 Credite
2829 2579 3007 2658 mihi,
3057 2579 3215 2661 quia

602 2702 721 2764 ego
767 2685 830 2748 in
878 2690 1059 2765 patre
1105 2687 1172 2747 et
1214 2685 1399 2764 pater
1444 2682 1508 2745 in
1555 2698 1687 2758 me;
1752 2681 1851 2745 12.
1901 2680 2185 2761 alioquin
2232 2686 2492 2764 propter
2553 2701 2747 2764 opera
2778 2685 2919 2766 ipsa
2962 2684 3214 2749 credite

602 2788 775 2854 mihi.
843 2789 1066 2866 Amen,
1102 2805 1287 2852 amen
1333 2785 1478 2851 dico
1524 2784 1727 2863 uobis,
1756 2785 1906 2866 quia
1952 2786 2060 2867 qui
2108 2785 2314 2851 credit
2344 2786 2407 2850 in
2457 2805 2576 2863 me,
2622 2804 2837 2870 opera,
2887 2806 3054 2870 quae
3088 2808 3213 2870 ego

600 2892 789 2976 facio,
837 2900 902 2958 et
933 2893 1071 2975 ipse
1118 2890 1328 2973 faciet,
1364 2894 1430 2955 et
1478 2891 1717 2956 maiora
1765 2891 1990 2955 horum
2014 2890 2227 2970 faciet,
2274 2891 2423 2974 quia
2448 2909 2565 2974 ego
2610 2891 2690 2957 ad
2724 2897 2970 2975 patrem
3017 2893 3214 2958 uado.

607 3001 705 3065 13.
753 2999 842 3065 Et
887 2998 1333 3080 quodcumque
1379 2996 1457 3059 ab
1505 3014 1580 3060 eo
1643 2996 1962 3077 petieritis
2006 2995 2074 3060 in
2124 2996 2375 3061 nomine
2420 3014 2581 3075 meo,
2659 3016 2776 3080 ego
2838 2996 3090 3080 faciam,
3144 3003 3219 3063 ut

602 3101 1054 3168 honorificetur
1101 3105 1284 3184 pater
1332 3102 1397 3165 in
1444 3098 1593 3165 filio.
1654 3101 1749 3167 15.
1798 3099 1863 3165 Si
1891 3099 2161 3181 diligitis
2207 3118 2324 3177 me,
2343 3105 2693 3183 praecepta
2739 3122 2883 3168 mea
2928 3108 3215 3170 seruate.

608 3210 706 3274 16.
791 3207 877 3271 Et
921 3225 1037 3289 ego
1085 3205 1320 3289 rogabo
1370 3209 1631 3286 patrem,
1681 3209 1747 3269 et
1792 3205 1985 3270 alium
2046 3205 2439 3286 paracletum
2488 3205 2668 3271 dabit
2727 3207 2932 3286 uobis,
2980 3213 3053 3273 ut
3102 3226 3218 3272 uo-

604 3311 849 3377 biscum
895 3310 963 3374 in
1011 3313 1340 3375 aeternum
1387 3312 1510 3392 sit3
1562 3311 1660 3375 17.
1709 3309 2009 3393 spiritum
2034 3311 2348 3389 ueritatiS‚
2382 3328 2569 3392 quem
2613 3313 2719 3378 hio
2765 3313 3039 3379 mundns
3083 3331 3215 3377 non

613 3421 827 3498 potest
871 3417 1184 3498 accipere,
1232 3416 1383 3497 quia
1427 3433 1552 3478 non
1598 3414 1777 3480 uidet
1808 3435 1971 3496 eum,
2017 3433 2140 3479 non
2188 3417 2519 3498 cognoscit
2562 3434 2725 3481 eum.
2777 3416 2909 3482 Uos
2966 3416 3216 3482 uidetis

593 3527 754 3585 feum
801 3526 865 3585 et
910 3520 1315 3602 cognoscum,
1365 3522 1517 3601 quia
1561 3524 1718 3602 aput
1764 3537 1881 3585 uos
1928 3524 2142 3585 manet
2186 3527 2252 3585 et
2298 3521 2629 3586 uobiscum
2675 3527 2792 3587 est.
2905 3522 3001 3587 18.
3063 3520 3218 3587 Non

603 3624 955 3706 relinquam
983 3643 1100 3691 uos
1122 3623 1411 3706 orfanos3
1460 3626 1647 3690 uenio
1672 3624 1753 3689 ad
1779 3642 1913 3690 uos,
1967 3627 2067 3691 19.
2114 3625 2341 3690 Adhuc
2385 3626 2719 3711 modicum,
2766 3631 2835 3692 et
2878 3627 2983 3691 hic
3025 3646 3209 3692 mun-

607 3729 727 3795 du's
772 3747 873 3794 me
919 3748 1044 3794 non
1091 3729 1304 3809 uidet;
1398 3747 1514 3795 nos
1583 3734 1796 3796 autem
1863 3728 2166 3795 uidebitis
2213 3748 2332 3808 me,
2397 3730 2548 3811 quia
2592 3749 2712 3813 ego
2756 3731 2929 3812 uiuo,
2976 3738 3044 3797 et
3089 3751 3216 3798 uos

606 3835 868 3900 uinetis.
917 3836 1018 3900 20.
1067 3835 1141 3899 In
1188 3833 1296 3900 illo
1343 3835 1448 3899 die
1472 3835 1891 3917 cognoscetis,
1942 3836 2092 3916 quia
2136 3853 2254 3916 ego
2314 3835 2383 3900 in
2429 3840 2611 3918 patre
2658 3854 2819 3915 meo,
2867 3842 2932 3903 et
2975 3855 3098 3903 uos
3148 3839 3218 3903 in

610 3958 710 4004 me
759 3943 825 4004 et
871 3957 987 4021 ego
1034 3940 1099 4003 in
1149 3939 1351 4003 uobis,
1444 3942 1545 4003 21.
1599 3938 1720 4016 Qui
1785 3939 1962 4002 audit
2007 3946 2349 4022 praecepta
2395 3959 2535 4005 mea
2580 3944 2647 4006 et
2689 3948 2908 4008 seruat
2953 3961 3050 4020 ea,
3098 3941 3220 4008 ille

598 4047 728 4120 est,
778 4043 887 4126 qui
933 4043 1147 4125 diligit
1184 4060 1303 4108 me.
1399 4043 1521 4121 Qui
1568 4049 1777 4107 autem
1827 4042 2040 4125 diligit
2099 4062 2218 4123 me,
2269 4043 2572 4127 diligetur
2619 4064 2658 4108 a
2703 4049 2886 4127 patre
2930 4064 3098 4128 meo,
3146 4052 3221 4112 et

596 4159 726 4231 'ego
774 4148 1038 4230 diligam
1085 4161 1250 4224 eum,
1294 4152 1365 4212 et
1409 4146 1834 4213 manifestabo
1900 4150 1958 4213 ei
2006 4167 2106 4213 me
2155 4149 2381 4231 ipsum.
2438 4150 2542 4215 22.
2591 4150 2766 4215 Dicit
2809 4150 3034 4231 Judas,
3083 4170 3215 4218 non

596 4253 716 4316 ille
762 4252 1105 4331 Scai·ioteS‚
1155 4253 1269 4318 sed
1317 4253 1514 4318 alius:
1566 4252 1840 4334 domine,
1888 4252 2041 4334 quid
2086 4252 2324 4320 factum
2371 4257 2490 4337 est,
2538 4255 2686 4335 quia
2748 4254 2931 4321 nobis
2977 4257 3219 4340 incipis

608 4357 1018 4423 manifestare
1063 4362 1127 4421 te
1174 4357 1382 4438 ipsum
1429 4362 1495 4421 et
1539 4376 1664 4422 non
1713 4357 1864 4422 huic
1908 4358 2323 4424 mundoP23.
2367 4358 2719 4440 Respondit
2740 4359 2933 4426 Jesus
2956 4366 3025 4426 et
3048 4361 3211 4428 dixit

609 4453 702 4527 eii
795 4460 860 4526 Si
909 4463 1052 4542 quis
1098 4461 1310 4544 diligit
1351 4480 1470 4539 me,
1518 4480 1874 4528 sermonem
1924 4482 2128 4528 meum
2192 4462 2500 4542 seruauit,
2547 4469 2614 4529 et
2660 4470 2839 4545 pater
2884 4483 3069 4531 meus
3118 4467 3203 4532 di·

605 4558 753 4650 ligit
796 4585 958 4651 eum,
1005 4572 1072 4632 et
1116 4567 1196 4632 ad
1228 4586 1373 4633 eum
1420 4567 1754 4633 ueniemus
1800 4575 1864 4634 et
1910 4569 2301 4633 mansionem
2348 4573 2677 4652 aputeum
2726 4569 3053 4638 faciemus.
3106 4573 3215 4637 24.

594 4673 737 4751 ‘Qui
781 4692 904 4738 non
955 4673 1165 4755 diligit
1210 4692 1330 4752 me,
1379 4690 1707 4739 sermones
1753 4692 1926 4740 meos
1973 4694 2094 4740 non
2143 4680 2396 4754 seruat3
2458 4692 2811 4741 sermonem
2863 4695 3049 4757 quem
3100 4696 3212 4741 au-

593 4776 818 4858 distis,
866 4793 1047 4844 meus
1092 4796 1216 4843 non
1264 4784 1382 4861 est,
1430 4777 1548 4843 sed
1595 4778 1755 4859 eiu83
1801 4779 1911 4863 qui
1958 4778 2133 4844 misit
2175 4797 2298 4857 me,
2345 4779 2564 4866 patris.
2589 4780 2688 4851 25.
2728 4777 2903 4849 Haec
2947 4779 3218 4846 locutus
