3484 5617
561 458 643 522 96
1339 452 1699 523 Euangelium
1742 451 2042 506 secundum
2081 454 2380 506 Lucanum.
3003 454 3064 508 G.
3099 459 3154 508 9.

556 664 778 730 Jesus:
874 664 1023 730 Sine
1092 669 1375 728 mortuos
1423 663 1701 746 sepelire
1753 669 2036 729 mortuos
2083 682 2265 741 suos;
2316 669 2385 729 tu
2434 670 2648 731 autem
2702 667 2888 748 uade,
2936 666 3164 731 nuntia

556 787 815 849 regnum
864 768 987 833 dei.
1038 772 1137 835 61.
1187 768 1274 835 Et
1317 771 1408 834 ait
1455 770 1653 834 alter:
1705 769 1830 851 Seq
1880 819 1892 832 .
1946 818 1959 832 .
2008 820 2021 832 .
2076 821 2088 834 .
2139 768 2395 834 domiue
2443 819 2457 834 .
2509 819 2521 832 .
2572 818 2587 832 .
2637 820 2650 836 .
2700 769 2969 851 primum
3016 789 3161 852 per-

555 873 738 937 mitte
784 873 935 938 mihi
982 874 1279 938 nuntiare
1325 874 1446 956 his,
1495 874 1603 955 qui
1644 874 1812 938 domi
1846 879 2014 938 sunt.
2065 874 2167 938 62.
2216 872 2326 938 Ait
2358 875 2438 938 ad
2475 874 2652 938 illum
2686 874 2908 941 Jesus:
2958 873 3162 940 Nemo

557 979 908 1061 respiciens
954 983 1127 1044 retro
1175 980 1374 1045 mittit
1420 998 1670 1043 manum
1721 978 1786 1043 in
1835 983 2139 1058 aratrum,
2186 983 2377 1060 aptus
2425 986 2524 1045 est
2563 998 2762 1061 regno
2811 981 2934 1046 dei.

764 1186 854 1255 X.
933 1194 987 1254 1.
1056 1189 1437 1272 Designauit
1499 1194 1711 1254 autem
1777 1189 1968 1254 Jesus
2038 1195 2102 1255 et
2163 1189 2323 1254 alios
2394 1188 2583 1254 LXX.
2655 1195 2721 1255 et
2781 1191 2954 1255 misit
3011 1190 3164 1256 illos

557 1294 739 1359 binos
813 1298 962 1359 ante
1035 1293 1260 1360 faciem
1336 1314 1512 1359 suam
1589 1295 1655 1358 iu
1730 1312 1979 1359 omnem
2054 1294 2258 1358 locum
2327 1299 2393 1358 et
2439 1294 2782 1373 ciuitatem,
2851 1313 2973 1376 quo
3019 1301 3167 1360 erat.

556 1406 882 1464 uenturus.
975 1401 1034 1464 2.
1098 1400 1183 1464 Et
1246 1400 1500 1465 dicebat
1548 1400 1709 1465 illis:
1790 1400 2023 1466 Messis
2084 1399 2339 1479 quidem
2389 1399 2643 1479 copiosa
2688 1405 2807 1476 est,
2884 1400 3161 1480 operarii

557 1510 769 1570 autem
816 1508 1021 1585 pauci.
1099 1506 1342 1587 Rogate
1402 1524 1552 1587 ergo
1614 1506 1935 1571 dominum
1999 1505 2245 1586 messiS,
2325 1509 2395 1569 ut
2464 1504 2678 1569 mittat
2723 1505 3046 1585 operarios
3089 1505 3158 1568 in

555 1627 824 1673 messem
872 1629 1068 1675 suam.
1119 1611 1177 1676 3.
1226 1610 1312 1674 Et
1356 1627 1505 1676 ecce
1551 1628 1670 1690 ego
1720 1610 1903 1674 mitto
1937 1627 2053 1673 uos
2078 1611 2245 1673 sicut
2278 1627 2473 1689 agnos
2507 1610 2571 1672 in
2597 1609 2809 1679 medio
2842 1608 3150 1691 luporum.

552 1715 613 1778 4.
640 1712 856 1778 Nolite
883 1718 1137 1794 portare
1169 1714 1514 1792 sacculum,
1544 1732 1747 1795 neque
1773 1732 2012 1796 peram,
2042 1731 2244 1793 neque
2270 1712 2719 1789 calciamenta3
2755 1717 2820 1778 et
2848 1715 3158 1778 neminem

553 1837 668 1899 per
705 1819 872 1883 uiam
915 1818 1375 1884 salutaueritis.
1426 1818 1483 1883 5.
1536 1819 1609 1882 In
1648 1836 2113 1899 quamcumque
2144 1817 2396 1882 domum
2427 1817 2698 1898 primum
2746 1819 3158 1899 int1·aberiti8‚

556 1921 785 1986 dicite:
836 1941 959 2003 pax
1002 1922 1153 1988 huic
1200 1923 1446 1997 (lomui3
1510 1927 1575 1988 et
1620 1922 1675 1988 si
1720 1923 1811 1987 ibi
1858 1922 2055 1987 fuerit
2098 1921 2266 1987 filius
2315 1923 2511 2004 pacis,
2562 1923 2924 2003 requiescet
2971 1941 3156 2004 super

553 2027 618 2091 i.
689 2031 978 2107 ,uestra3
1028 2030 1128 2093 sin
1173 2033 1386 2093 autem
1433 2046 1627 2109 super
1659 2047 1775 2092 uos
1807 2032 2188 2091 reuertetur.
2240 2029 2294 2091 7.
2348 2027 2419 2090 In
2458 2028 2681 2091 eadem
2716 2030 2926 2090 autem
2977 2026 3147 2091 domo

556 2137 830 2211 manete,
905 2133 1166 2199 edentes
1211 2138 1276 2199 et
1325 2132 1632 2211 bibentes,
1712 2150 1876 2211 quae
1923 2136 2077 2214 aput
2125 2132 2267 2196 illos
2318 2135 2505 2210 sunt;
2568 2133 2799 2212 dignus
2845 2134 2947 2196 est
2991 2130 3158 2197 enim

556 2238 881 2316 operarius
926 2238 1220 2303 mercede
1266 2256 1403 2302 sua.
1451 2237 1667 2302 Nolite
1711 2237 1986 2300 transire
2035 2235 2112 2301 de
2157 2236 2344 2299 domo
2390 2238 2456 2300 iu
2503 2236 2777 2300 domum.
2854 2237 2912 2299 8.
2961 2236 3050 2300 Et
3092 2234 3159 2299 iu

554 2359 947 2423 quacumque
993 2343 1259 2408 ciuitate
1294 2341 1707 2419 intmueritis,
1756 2346 1823 2405 et
1849 2342 2215 2422 acceperint
2260 2358 2396 2418 uos,
2441 2339 2820 2405 manducate
2852 2359 2946 2420 ea,
2994 2358 3161 2422 quae

555 2452 712 2530 aput
754 2466 869 2512 uos
914 2451 1252 2529 ponuntur,
1316 2449 1375 2511 9.
1423 2439 1495 2511 et'
1535 2451 1758 2511 curate
1804 2445 2107 2523 infirmos,
2155 2464 2320 2526 quae
2368 2447 2430 2510 iu
2481 2445 2594 2509 illa
2639 2449 2805 2520 sunt,
2853 2449 2921 2509 et
2965 2445 3162 2510 dicite

552 2551 715 2617 illis:
767 2552 1192 2633 Adpropiauit
1237 2551 1300 2615 iu
1328 2569 1440 2615 uos
1485 2569 1749 2632 regnum
1784 2551 1904 2615 dei.
1959 2551 2053 2615 10.
2102 2549 2175 2614 Iu
2207 2567 2603 2630 quacumque
2650 2554 2861 2613 autem
2896 2549 3161 2615 ciuitate

552 2654 970 2736 intraberitis,
1039 2660 1105 2721 et
1149 2674 1274 2720 non
1320 2654 1681 2737 receperint
1728 2674 1864 2733 uoS‚
1933 2659 2240 2719 exeuntes
2308 2654 2373 2718 in
2437 2654 2672 2733 plateis
2735 2656 2873 2719 eius
2920 2653 3157 2719 dicite:

557 2762 656 2825 11.
702 2760 914 2825 Etiam
965 2762 1313 2841 puluerem,
1363 2762 1470 2840 qui
1501 2760 1797 2825 adhaesit
1841 2759 2024 2825 nobis
2072 2758 2150 2822 de
2199 2759 2461 2823 ciuitate
2508 2763 2729 2823 uestra
2774 2757 2836 2822 in
2869 2757 3158 2839 pedibu8‚

557 2865 945 2947 extergimus
991 2865 1057 2929 in
1103 2884 1254 2941 uos;
1323 2870 1533 2930 tamen
1579 2865 1699 2931 hoc
1747 2867 1997 2942 scitote,
2067 2864 2216 2946 quia
2261 2863 2676 2944 adpropiauit
2719 2882 2982 2947 regnum
3030 2864 3157 2930 dei.

558 2973 656 3036 12.
706 2970 865 3036 Dico
914 2971 1135 3037 uobis:
1185 2968 1475 3036 Sodomis
1531 2970 1591 3034 in
1642 2988 1842 3051 regno
1889 2969 2294 3033 tolerabilius
2342 2969 2464 3033 erit
2510 2987 2695 3050 quam
2744 2969 2841 3034 illi
2885 2968 3157 3037 ciuitati.

560 3078 657 3142 13.
704 3076 844 3142 Uae
906 3076 1023 3142 tibi
1085 3074 1399 3141 Corozaiu
1475 3079 1540 3140 et
1587 3075 1913 3157 Betsaida‚
1993 3075 2140 3156 quia
2203 3075 2258 3139 si
2303 3072 2470 3155 Tyro
2545 3081 2610 3138 et
2656 3073 2891 3140 Sidone
2951 3071 3161 3139 factae

555 3179 849 3259 fuissent,
898 3199 1065 3261 quae
1109 3182 1175 3246 in
1224 3181 1407 3245 uobis
1454 3179 1661 3245 factae
1708 3185 1875 3261 sunt,
1924 3179 2075 3245 olim
2124 3180 2187 3243 in
2234 3178 2440 3244 cilicio
2487 3185 2554 3243 et
2599 3180 2814 3243 cinere
2858 3180 3161 3245 sedentes

556 3286 1013 3367 paenitentiam
1076 3286 1379 3366 egissent.
1463 3287 1558 3349 14.
1604 3284 1847 3350 Uerum
1910 3287 2123 3348 tamen
2185 3284 2351 3365 Tyro
2414 3290 2478 3347 et
2525 3282 2745 3349 Sidoni
2805 3285 2869 3349 in
2918 3284 3161 3349 iudicio

556 3389 963 3456 tolerabilius
1009 3392 1134 3455 erit
1181 3408 1372 3472 quam
1421 3388 1622 3454 uobis,
1682 3390 1775 3454 15.
1825 3390 1912 3454 Et
1942 3394 2010 3453 tu
2047 3387 2322 3452 Cafarna
2370 3440 2383 3454 .
2435 3438 2448 3451 .
2496 3436 2513 3453 .
2565 3438 2577 3451 .
2626 3389 2778 3470 quid
2825 3407 2900 3454 us
2947 3440 2961 3455 .
3014 3439 3025 3453 .
3078 3438 3091 3454 .
3144 3441 3158 3456 .

555 3497 621 3560 in
669 3495 914 3560 caelum
961 3495 1366 3568 exaltaberis,
1437 3501 1547 3561 aut
1611 3512 1809 3576 usque
1872 3495 1939 3559 in
1987 3493 2300 3558 infernum
2361 3494 2772 3577 demergeris,
2868 3496 2967 3560 16.
3038 3493 3162 3571 Qui

553 3596 668 3665 uos
731 3601 927 3679 audit,
1005 3618 1106 3664 me
1167 3600 1366 3678 audit,
1445 3599 1553 3682 qui
1616 3617 1731 3665 uos
1780 3599 2042 3680 speruit,
2115 3617 2214 3662 me
2276 3598 2523 3680 spernit
2584 3603 2649 3664 et
2693 3618 2855 3676 eum,
2904 3600 3012 3680 qui
3059 3618 3161 3662 me

553 3704 745 3771 misit.
799 3705 919 3782 Qui
967 3708 1177 3769 autem
1227 3724 1325 3771 me
1372 3704 1570 3779 audit,
1621 3705 1802 3769 audit
1846 3723 2009 3783 eum,
2058 3703 2292 3784 quime
2337 3704 2530 3768 misit.
2584 3705 2681 3770 17.
2717 3703 3161 3769 Reuersisunt

555 3815 769 3875 autem
814 3810 1027 3887 LXX,
1079 3830 1215 3876 cum
1265 3810 1497 3892 gaudio
1531 3809 1852 3874 dicentes:
1902 3809 2173 3887 domine,
2223 3808 2411 3873 etiam
2452 3808 2783 3873 daemonia
2815 3810 2878 3873 in
2908 3807 3160 3874 nomine

556 3920 664 3980 tuo
712 3934 826 3981 nos
874 3917 1160 3982 audiunt.
1241 3918 1338 3982 18.
1384 3914 1472 3980 Et
1518 3917 1609 3980 ait
1657 3915 1816 3978 illis:
1895 3914 2211 3979 Uidebam
2273 3918 2558 3979 satanam
2606 3915 2773 3978 sicut
2818 3913 3031 3993 fulgur
3078 3912 3160 3977 de

553 4019 734 4085 caelo
781 4021 1129 4086 cadentem.
1227 4022 1324 4086 19.
1374 4019 1460 4085 Et
1527 4038 1674 4084 ecce
1746 4019 1895 4083 dedi
1966 4019 2147 4083 uobis
2202 4022 2584 4099 potestatem
2631 4018 2911 4083 calcandi
2962 4035 3160 4098 supra

552 4130 886 4205 serpentes
946 4130 1011 4190 et
1058 4126 1425 4207 scorpiones
1486 4129 1552 4188 et
1621 4143 1816 4205 supra
1883 4141 2130 4189 omnem
2202 4125 2507 4188 uirtutem
2554 4124 2818 4204 inimici,
2887 4127 2951 4188 et
2995 4120 3158 4186 nihil

552 4249 669 4296 uos
739 4230 1004 4297 nocebit.
1099 4232 1199 4294 20.
1266 4229 1724 4295 Uerumtamen
1786 4230 1850 4295 in
1919 4229 2040 4293 hoc
2086 4229 2284 4294 nolite
2331 4228 2630 4311 gaudere,
2700 4229 2851 4309 quia
2894 4227 3157 4307 spiritus

554 4334 813 4417 maligui
847 4336 1028 4400 uobis
1061 4335 1331 4400 subiecti
1363 4341 1546 4411 suut;
1593 4335 1872 4417 gaudete
1903 4337 2141 4411 autem,
2175 4333 2341 4413 quod
2378 4334 2633 4398 nomina
2667 4336 2883 4396 uestra
2918 4331 3158 4410 scripta

552 4444 699 4504 sunt
743 4439 808 4502 in
859 4440 1053 4505 caelo,
1147 4443 1246 4505 21.
1294 4441 1369 4506 Ιιι
1418 4441 1560 4521 ipsa
1611 4439 1764 4504 bora
1812 4439 2129 4504 exultauit
2193 4437 2255 4502 in
2304 4439 2534 4521 spiritu
2584 4442 2803 4503 sancto
2851 4442 2916 4501 et
2962 4434 3155 4501 dixit:

557 4542 876 4610 Confiteor
920 4545 1037 4610 tibi
1082 4548 1286 4627 pater,
1337 4545 1584 4610 domine
1633 4545 1793 4609 caeli
1841 4549 1907 4608 et
1951 4549 2186 4621 terrae,
2244 4544 2412 4624 quod
2461 4541 2851 4607 abscondisti
2904 4559 2939 4604 a
2986 4542 3156 4621 sapi·

555 4650 807 4714 entibus
852 4648 1011 4715 haec
1056 4653 1123 4714 et
1166 4648 1591 4730 prudentibus
1637 4654 1703 4715 et
1749 4648 2053 4714 reuelasti
2102 4664 2178 4712 ea
2225 4648 2527 4728 paruoliS.
2612 4646 2711 4709 Ita
2757 4651 2958 4727 pater,
3006 4645 3162 4727 quia

554 4754 646 4819 sic
692 4754 856 4819 bona
900 4754 1197 4820 uoluntas
1245 4753 1368 4820 fuit
1414 4760 1561 4821 ante
1607 4759 1690 4820 te.
1750 4756 1851 4819 22.
1902 4753 2135 4819 Omnia
2184 4751 2336 4816 mihi
2383 4751 2623 4816 tradita
2670 4770 2707 4816 a
2752 4755 2935 4834 patre
2980 4768 3155 4828 meo;
