3484 5617
586 535 709 599 122
1353 527 1718 599 Euangelium
1757 526 2058 584 secundum
2098 525 2364 584 Marcum.
3051 528 3093 586 O
3132 539 3182 587 3,

582 743 759 807 dam:
811 759 998 822 surge
1046 742 1108 804 in
1155 740 1453 805 medium.
1546 743 1606 805 4.
1659 739 1747 805 Et
1793 726 1960 805 dixit
1998 741 2079 805 ad
2126 741 2307 807 illos:
2388 741 2567 806 Licet
2612 743 2896 808 sabbatis
2942 727 3185 826 aliquid

577 845 953 912 benefacere
1000 865 1078 910 an
1106 844 1316 911 male?
1362 845 1631 910 animam
1682 844 1924 910 saluam
1972 845 2183 911 facere
2228 865 2309 909 an
2358 845 2673 927 perdere?
2719 847 2818 911 Ad
2864 846 2959 915 illi
3004 852 3184 913 tace·

572 952 752 1016 bant.
850 952 908 1016 5.
956 949 1042 1013 Et
1088 949 1605 1031 circumspiciens
1652 967 1762 1013 eos
1810 967 1949 1013 cum
1997 951 2095 1014 ira
2141 950 2269 1015 iudi
2310 1001 2323 1014 .
2366 1000 2379 1012 .
2419 1004 2434 1017 .
2474 952 2540 1014 in
2609 953 2921 1016 caecitate
2967 952 3184 1017 cordis

572 1074 814 1135 eorum,
865 1056 955 1119 ait
1007 1054 1284 1119 homini:
1377 1054 1667 1118 Extende
1715 1072 1968 1119 manum
2014 1059 2209 1121 tuam.
2303 1055 2390 1119 Et
2436 1055 2723 1121 extendit
2769 1062 2834 1120 et
2879 1057 3186 1120 restituta

580 1165 680 1224 est
725 1178 951 1223 manus
998 1158 1137 1223 eius
1183 1159 1350 1223 sicut
1392 1156 1538 1221 alia.
1603 1161 1662 1224 6.
1713 1158 2027 1223 Exierunt
2072 1162 2286 1223 autem
2334 1157 2663 1224 Pharisaei
2712 1179 2851 1224 cum
2904 1159 3183 1226 Herodi-

582 1264 721 1328 anis
765 1269 831 1329 et
877 1262 1207 1328 consilium
1255 1262 1577 1328 faciebant
1624 1267 1696 1327 ut
1741 1263 1921 1327 illum
1968 1263 2323 1345 perderent.
2374 1267 2434 1329 7.
2479 1264 2675 1329 Jesus
2721 1283 2877 1329 uero
2908 1266 3188 1331 secessit

587 1387 730 1433 cum
800 1368 1135 1450 discipulis
1209 1366 1343 1432 suis
1387 1368 1467 1432 ad
1538 1385 1730 1447 mare,
1778 1373 1842 1432 et
1887 1367 2088 1434 multa
2133 1367 2324 1435 turba
2372 1388 2409 1433 a
2453 1368 2706 1434 Judaea
2751 1375 2817 1434 et
2861 1369 3181 1448 Galilaea,

586 1475 642 1538 8.
689 1478 754 1537 et
802 1473 880 1536 ab
929 1472 1391 1556 Hierosolymis
1436 1476 1504 1535 et
1579 1469 1659 1536 ab
1733 1472 2037 1538 Idumaea
2108 1492 2183 1537 ac
2250 1492 2286 1537 e
2353 1478 2535 1539 trans
2602 1472 2930 1539 Jordanen
3006 1476 3076 1539 et
3143 1494 3181 1540 a

578 1578 743 1658 Tyro
779 1582 843 1642 et
875 1595 913 1641 a
957 1575 1193 1642 Sidone
1241 1575 1679 1658 sequebantur
1725 1576 1925 1662 illum,
1973 1577 2309 1642 audientes
2358 1583 2597 1659 quanta
2644 1577 2938 1644 faciebat.
2986 1581 3050 1643 9.
3100 1571 3189 1644 Et

581 1681 741 1746 dixit
817 1681 1147 1764 discipulis
1195 1683 1348 1760 suiS,
1440 1687 1509 1746 ut
1555 1681 1856 1746 nauicula
1905 1682 2268 1747 deseruiret
2312 1682 2432 1747 sibi
2479 1689 2739 1766 propter
2782 1683 3059 1763 turbam,
3108 1703 3190 1750 ne

580 1805 724 1851 eum
756 1785 1261 1869 comprimerent.
1313 1788 1408 1852 10.
1448 1786 1687 1851 Multos
1719 1787 1887 1851 enim
1916 1787 2197 1866 curabat,
2229 1786 2320 1853 ita
2352 1794 2423 1851 ut
2454 1789 2785 1853 inruerent
2814 1790 2879 1853 in
2913 1805 3083 1867 eum,
3118 1780 3189 1853 u't

580 1892 758 1957 illum
785 1894 1142 1972 tangerent,
1170 1892 1548 1973 quicumque
1573 1891 1894 1957 habebant
1918 1890 2157 1973 plagas.
2182 1895 2280 1958 11.
2308 1889 2433 1957 Sed
2458 1898 2522 1957 et
2547 1891 2811 1974 spiritus
2853 1893 3186 1971 immundi,

584 2014 724 2060 cum
775 1997 1074 2061 uiderent
1117 1996 1315 2075 illum,
1369 1997 1801 2078 procedebant
1846 1999 1993 2060 ante
2027 1998 2084 2060 ei
2133 2000 2198 2061 et
2244 1997 2603 2062 clamabant
2650 1996 2967 2063 dicentes:
3065 1997 3189 2062 Hic

583 2103 681 2165 est
727 2098 894 2165 filius
941 2100 1062 2164 dei.
1117 2103 1213 2165 12.
1264 2101 1350 2165 Et
1397 2092 1786 2185 increpabat
1821 2101 1981 2180 illos,
2031 2121 2111 2165 ne
2163 2120 2305 2165 eum
2337 2101 2841 2181 manifestarent,
2888 2103 3188 2183 quoniam

581 2204 871 2270 sciebant
916 2223 1079 2270 eum.
1136 2206 1231 2270 13.
1281 2206 1649 2271 Ascendens
1697 2210 1914 2272 autem
1961 2207 2025 2271 in
2076 2213 2372 2284 montem,
2420 2207 2679 2271 uocauit
2727 2207 2807 2270 ad
2855 2225 2946 2284 se,
3018 2224 3184 2287 quos

582 2310 787 2374 uoluit
835 2311 990 2389 ipse,
1039 2315 1102 2374 et
1149 2316 1463 2374 uenemnt
1509 2310 1587 2374 ad
1616 2310 1814 2376 illum.
1872 2314 1967 2376 14.
2016 2311 2103 2373 Et
2147 2310 2303 2375 fecit
2348 2311 2517 2393 XII.,
2566 2317 2638 2375 ut
2684 2328 2898 2375 secum
2946 2316 3186 2388 essent,

581 2419 653 2478 ut
698 2415 983 2480 mitteret
1028 2433 1137 2480 eos
1185 2416 1557 2496 praedicare
1605 2415 2026 2496 euangelium.
2110 2415 2206 2480 15.
2257 2414 2343 2478 Et
2390 2416 2572 2480 dedit
2619 2415 2747 2479 illis
2794 2400 3185 2495 potestatem

583 2519 845 2584 curandi
890 2519 1294 2585 ualetudines
1341 2523 1406 2583 et
1452 2522 1659 2584 eicere
1706 2520 2057 2586 daemonia.
2111 2523 2210 2586 16.
2261 2520 2347 2584 Et
2394 2521 2695 2601 imposuit
2762 2517 2999 2583 Simoni
3078 2533 3199 2585 no-‘

579 2643 721 2689 men
769 2624 1017 2701 Petrus,
1068 2626 1134 2686 et
1158 2623 1466 2690 Jacobum
1517 2624 1854 2709 Zebedaei,
1904 2641 1969 2689 et
2011 2623 2345 2688 Johanuen
2393 2624 2656 2688 fratrem
2705 2623 2949 2705 Jacobi,
3001 2613 3195 2688 com?

582 2727 859 2793 muniter
904 2734 1115 2792 autem
1161 2730 1422 2795 uocauit
1465 2729 1610 2794 illos
1672 2730 2056 2810 BoauergeS,
2129 2730 2294 2810 quod
2362 2735 2461 2793 est
2526 2727 2639 2792 filii
2716 2727 3000 2793 tonitrui.
3077 2730 3183 2794 18.

582 2833 785 2897 Erant
828 2839 1037 2897 autem
1089 2834 1185 2898 hi:
1236 2832 1453 2899 Simon
1501 2838 1565 2898 et
1611 2833 1920 2913 AndreaS,
1988 2832 2269 2898 Jacobus
2316 2838 2382 2897 et
2427 2831 2776 2912 Johannes,
2846 2832 3189 2915 Philippus

582 2942 648 3003 et
692 2938 1155 3016 BartolomeuS‚
1226 2939 1553 3003 Mattheus
1614 2942 1681 3001 et
1738 2937 2033 3016 Thomas,
2106 2937 2387 3004 Jacobus
2438 2937 2664 3027 Alphei
2713 2944 2777 3001 et
2822 2935 3187 3016 Lebbaeus‚

585 3042 798 3107 Simon
846 3041 1186 3109 Cananeus
1280 3044 1378 3109 19.
1453 3045 1518 3106 et
1561 3041 1766 3106 Judas
1815 3041 2127 3121 Scarioth,
2176 3043 2285 3123 qui
2330 3041 2599 3106 tradidit
2644 3041 2843 3106 illum.
2937 3041 3039 3106 20.
3093 3042 3185 3106 Et

587 3147 766 3211 uenit
811 3148 1040 3211 iterum
1105 3148 1168 3211 in
1241 3148 1489 3211 domum
1538 3152 1603 3211 et
1648 3146 1952 3211 conuenit
1994 3147 2197 3225 turba,
2273 3147 2363 3210 ita
2431 3150 2502 3209 ut
2568 3163 2691 3209 non
2757 3150 3021 3227 possent
3065 3147 3186 3211 nec

582 3269 811 3331 panem
858 3252 1116 3331 quidem
1165 3251 1566 3316 manducare.
1647 3254 1748 3315 21.
1801 3251 1985 3328 Quod
2033 3257 2102 3314 ut
2147 3251 2487 3314 audierunt
2533 3251 2614 3314 de
2660 3251 2770 3314 illo
2817 3250 3069 3317 scribae
3122 3256 3187 3315 et

583 3355 838 3432 caeteri,
888 3355 1179 3419 exierunt
1228 3361 1297 3418 ut
1345 3359 1637 3419 tenerent
1682 3356 1878 3435 illum,
1929 3353 2224 3419 dicebaut
2283 3354 2450 3419 enim
2498 3355 2796 3437 quoniam
2864 3357 3187 3420 exsentiat

580 3477 712 3524 eos.
762 3460 863 3523 22.
915 3458 1003 3522 Et
1048 3458 1298 3522 scribae
1347 3458 1453 3538 qui
1504 3459 1583 3522 ab
1619 3456 2080 3542 Hierosolymis
2130 3459 2610 3542 descenderant,
2659 3461 2959 3526 dicebant
3007 3462 3182 3541 quod

576 3564 864 3629 belsebul
912 3562 1123 3640 habet,
1192 3563 1538 3645 principem
1600 3563 2092 3643 daemoniorum,
2161 3569 2230 3629 et
2297 3583 2411 3646 per
2477 3565 2656 3629 illum
2720 3565 2984 3647 expellit
3032 3565 3180 3630 dae-

583 3670 810 3734 monia.
861 3671 963 3736 23.
1012 3670 1098 3734 Et
1145 3669 1520 3734 conuocauit
1567 3686 1677 3734 eos
1723 3673 1789 3733 et
1835 3669 1926 3734 ait
1968 3669 2161 3734 Jesus
2206 3668 2270 3732 in
2316 3669 2673 3751 parabolis:
2724 3670 3038 3751 quomodo
3067 3689 3179 3751 po-

582 3780 710 3840 test
756 3780 1010 3840 satanas
1071 3779 1336 3841 satanan
1384 3774 1753 3857 expellere?
1821 3776 1922 3841 24.
1972 3773 2101 3839 Et:
2165 3775 2218 3839 si
2281 3793 2543 3855 regnum
2606 3774 2670 3839 in
2718 3793 2786 3840 se
2833 3774 3179 3857 diffidatur,

584 3899 708 3944 non
757 3885 968 3960 potest
1013 3884 1205 3944 stare.
1269 3880 1371 3945 25.
1420 3879 1537 3944 Et:
1586 3880 1640 3944 si
1689 3880 1913 3942 domus
1959 3881 2024 3942 in
2070 3879 2419 3960 semetipsa
2449 3879 2799 3955 diuidatur,
2846 3884 3019 3944 stare
3050 3897 3177 3943 nou

583 3983 790 4064 potest
838 3984 1061 4048 domus
1106 3983 1234 4047 illa.
1285 3985 1387 4049 26.
1436 3983 1555 4048 Et:
1604 3983 1657 4047 si
1706 3988 1962 4047 satanas
2010 3986 2273 4047 satanan
2322 3984 2493 4068 eicit,
2543 3984 2923 4066 dispertitus
2970 3984 3035 4047 in
3082 3992 3200 4067 se„

580 4108 704 4154 nou
750 4089 988 4169 poterit
1033 4093 1203 4153 stare
1250 4106 1514 4168 regnum
1563 4087 1723 4151 eius.
1774 4089 1876 4152 27.
1926 4086 2125 4152 Nemo
2174 4090 2387 4170 potest
2432 4107 2591 4153 uasa
2619 4090 2782 4168 eius,
2831 4086 2940 4168 qui
2981 4086 3176 4151 fortis

580 4198 698 4275 est,
750 4193 1029 4274 diripere
1078 4193 1403 4273 ingressus
1452 4194 1514 4256 in
1564 4178 1837 4271 domum,
1888 4192 2009 4258 nisi
2061 4193 2234 4272 prius
2281 4192 2490 4274 ipsum
2535 4191 2764 4258 fortem
2789 4191 3173 4273 alligauerit,

578 4303 645 4362 et
688 4302 840 4362 tunc
888 4297 1141 4361 domum
1169 4299 1307 4361 eius
1334 4297 1608 4377 diripiet.
1660 4296 1762 4360 28.
1813 4298 2012 4362 Amen
2060 4297 2201 4363 dico
2251 4299 2456 4376 uobiS,
2505 4298 2676 4378 quod
2706 4299 2918 4362 omnia
2963 4296 3178 4361 dimit-

579 4408 796 4467 tentur
841 4400 988 4466 filiis
1056 4401 1375 4467 hominum
1424 4407 1689 4481 peccata
1734 4407 1800 4467 et
1843 4402 2311 4482 blasphemiae;
2403 4405 2505 4469 29.
2568 4402 2674 4484 qui
2735 4406 2947 4465 autem
3007 4400 3173 4465 blasss

576 4507 976 4589 phemauerit
1022 4506 1320 4588 spiritum
1366 4512 1680 4581 sanctum,
1727 4526 1853 4572 non
1897 4505 2093 4572 habet
2139 4508 2600 4586 remissionem,
2677 4507 2789 4570 sed
2857 4523 3005 4571 rens
3073 4508 3173 4570 est

577 4612 822 4677 aeterni
872 4611 1108 4676 delicti.
1201 4612 1303 4677 30.
1370 4612 1533 4688 Quia
1597 4612 1895 4676 dicebant
1941 4630 2081 4676 eum
2133 4612 2429 4692 spiritum
2478 4611 2865 4676 immundum
2912 4609 3169 4674 habere.

579 4712 681 4782 3‘1.
731 4717 816 4781 Et
862 4719 1039 4782 uenit
1085 4722 1288 4781 mater
1334 4717 1470 4780 eius
1517 4721 1583 4779 et
1628 4716 1865 4782 fratres
1911 4716 2049 4780 eius
2096 4714 2380 4797 forisque
2426 4721 2689 4796 stanteS,
2738 4716 3049 4780 miserunt
3092 4713 3169 4777 ad

582 4823 761 4887 illum
809 4828 1111 4889 uocantes
1161 4841 1322 4896 eum,
1414 4824 1518 4887 32.
1583 4827 1649 4887 et
1709 4822 1974 4888 sedebat
2035 4822 2115 4886 ad
2177 4821 2356 4886 illum
2417 4823 2622 4901 turba,
2683 4816 2751 4886 et
2812 4821 3033 4886 dicunt
3077 4820 3200 4893 εἰς’
