3484 5617
560 476 643 540 16
1306 468 1673 538 Euangelium
1711 467 2007 525 secundum
2043 469 2403 525 Matthaeum.
2768 521 2774 526 .
2984 471 3041 526 C.
3080 475 3167 524 12.

556 688 730 749 tetur
774 681 1173 762 hominibus;
1225 683 1334 764 qui
1382 685 1596 747 autem
1645 682 1707 746 in
1758 680 2062 764 Spiritum
2095 679 2393 746 Sanctum
2427 678 2990 762 blasphemaberit,
3036 701 3165 747 non

558 788 924 855 remittetur
987 788 1081 852 illi
1144 792 1494 870 peccatum.
1587 789 1689 852 32.
1738 787 1827 852 Ε1
1871 787 2252 870 quicumque
2320 785 2558 851 dixerit
2625 787 2891 851 uerbum
2940 791 3168 852 contra

557 891 752 958 filium
830 891 1122 970 hominis,
1196 893 1564 957 remittetur
1624 892 1714 974 ei3
1787 893 1897 974 qui
1965 896 2179 957 autem
2247 890 2486 957 dixerit
2557 896 2779 957 contra
2849 889 3164 974 Spiritum

560 997 884 1074 Sanctum,
931 1017 1057 1064 non
1102 997 1469 1063 remittetur
1532 997 1612 1080 ei,
1662 1015 1869 1079 neque
1929 998 1995 1062 in
2040 998 2160 1061 hoc
2206 996 2486 1075 saeculo,
2554 1014 2761 1079 neque
2810 998 2875 1062 in
2921 996 3162 1062 futuro.

555 1103 658 1168 33.
707 1104 838 1169 Aut
867 1100 1059 1168 facite
1106 1101 1392 1167 arborem
1434 1101 1659 1167 bonam
1707 1106 1774 1166 et
1819 1101 2097 1168 fructum
2142 1102 2284 1168 eius
2315 1100 2570 1181 bonum,
2617 1106 2728 1166 ant
2754 1100 2946 1167 facite
2977 1102 3166 1167 arbo·

557 1225 689 1271 rem
736 1208 995 1291 malum,
1044 1212 1108 1272 et
1164 1206 1439 1273 fructum
1472 1208 1610 1272 eius
1659 1207 1913 1291 malum,
1960 1227 2105 1272 nam
2154 1226 2229 1272 ex
2269 1206 2483 1273 fructu
2515 1208 2702 1272 arbor
2734 1208 3162 1290 cognoscitur.

557 1313 660 1377 34.
711 1311 1057 1394 Progenies
1083 1314 1465 1395 uiperarum,
1513 1312 1826 1395 quomodo
1871 1314 2145 1394 potestis
2190 1313 2357 1378 bona
2388 1312 2582 1397 loqui,
2617 1330 2758 1378 cum
2791 1311 2935 1378 sitis
2964 1313 3168 1378 mali?

560 1414 659 1479 Ex
696 1416 1084 1482 abundantia
1115 1419 1286 1483 enim
1319 1417 1530 1484 cordis
1577 1436 1648 1484 68
1693 1417 1996 1499 loquitur.
2044 1418 2146 1484 35.
2197 1419 2415 1483 Bonus
2462 1418 2629 1482 enim
2675 1416 2860 1482 homo
2893 1416 2973 1483 de
2994 1419 3164 1484 116116

561 1519 913 1586 thensauro
987 1522 1235 1603 profert
1301 1522 1498 1600 bona3
1546 1526 1614 1589 et
1656 1522 1865 1587 malus
1926 1522 2111 1587 homo
2174 1522 2252 1586 de
2297 1522 2461 1587 malo
2525 1522 2873 1587 thensauro
2919 1521 3168 1602 profert

558 1625 741 1691 mala.
791 1626 896 1693 36.
945 1628 1147 1692 Amen
1197 1628 1338 1693 dico
1385 1627 1567 1693 uobis
1615 1628 1915 1708 quoniam
1964 1645 2147 1692 omne
2193 1627 2458 1694 uerbum
2508 1628 2800 1705 otiosum,
2857 1627 3023 1709 quod
3066 1626 3165 1693 lo-

558 1730 691 1795 cuti
741 1728 983 1795 fuerint
1028 1731 1336 1813 11611111168,
1383 1732 1655 1797 reddent
1699 1732 1837 1798 eius
1884 1734 2197 1797 rationem
2244 1734 2309 1797 in
2356 1733 2462 1799 die
2508 1732 2747 1797 iudicii.
2795 1733 2899 1798 37.
2950 1731 3159 1797 Unus·

560 1835 836 1917 quisque
884 1836 1052 1900 enim
1098 1835 1315 1901 uerbis
1360 1839 1493 1903 suis
1543 1837 2016 1918 iustificabitur,
2065 1841 2131 1903 et
2179 1838 2389 1904 uerbis
2436 1837 2570 1905 suis
2618 1837 3160 1904 condemnabitur.

555 1942 660 2006 38.
728 1940 905 2005 Τ11116
950 1940 1247 2007 adierunt
1308 1961 1448 2007 eum
1498 1943 1759 2026 quidam
1808 1943 1884 2009 de
1930 1943 2158 2009 scribis
2191 1947 2256 2008 61
2303 1941 2619 2009 Ε’61·1866ἰ8
2674 1943 2990 2008 dicentes:
3027 1959 3159 2006 ma-

556 2044 775 2125 gister,
824 2044 1122 2111 uolumus
1172 2045 1415 2128 aliquid
1463 2066 1502 2111 a
1545 2053 1611 2112 te
1657 2046 1912 2128 signum
1958 2048 2201 2112 uidere.
2248 2048 2350 2114 39.
2397 2047 2590 2112 Jesus
2638 2050 2851 2112 autem
2898 2062 3162 2129 respon-

558 2149 713 2214 dens
759 2149 853 2215 ait
896 2149 1064 2216 illis:
1113 2150 1441 2234 generatio
1488 2152 1656 2217 mala
1702 2157 1769 2217 et
1812 2151 2111 2217 adultera
2157 2153 2399 2235 signum
2449 2152 2723 2234 quaerit,
2799 2156 2864 2217 et
2911 2151 3159 2233 signum

551 2272 676 2319 non
723 2254 976 2321 dabitur
1004 2255 1087 2334 ei,
1120 2256 1243 2323 nisi
1273 2257 1523 2339 signum
1555 2257 1759 2324 Jonae
1788 2258 2159 2340 prophetae.
2207 2257 2309 2322 40.
2345 2256 2526 2323 Sicut
2555 2258 2722 2322 enim
2771 2255 2895 2321 fuit
2940 2253 3150 2320 Jonas

558 2359 625 2423 in
670 2364 899 2425 uentre
946 2362 1071 2427 ceti
1121 2360 1330 2428 tribus
1382 2363 1606 2429 diebus
1650 2368 1717 2427 et
1760 2363 1970 2428 tribus
2016 2363 2331 2441 11661111118,
2407 2362 2504 2428 816
2552 2364 2679 2428 erit
2722 2367 2788 2427 et-
2832 2359 3000 2425 filius
3046 2361 3162 2425 ho-

560 2464 752 2529 minis
801 2466 864 2530 in
912 2466 1100 2531 corde
1147 2470 1359 2531 terrae
1405 2467 1616 2533 tribus
1662 2466 1888 2534 diebus
1936 2472 2003 2533 61
2045 2468 2253 2533 11111118
2299 2467 2611 2532 noctibus.
2702 2468 2812 2531 41.
2859 2464 3004 2530 Uiri
3046 2463 3158 2529 Ni·

557 2570 816 2635 neuitae
860 2576 1132 2653 surgent
1177 2571 1242 2635 in
1288 2572 1522 2638 iudicio
1601 2591 1745 2637 cum
1823 2574 2238 2654 generatione
2314 2573 2440 2639 ista
2514 2576 2582 2637 et
2650 2570 3159 2636 condemnabunt

559 2692 720 2753 eam,
787 2674 937 2756 quia
981 2677 1443 2759 paenitentiam
1493 2683 1766 2759 egerunt
1809 2679 1874 2742 in
1921 2677 2402 2758 praedicatione
2450 2677 2683 2743 Jonae:
2736 2680 2805 2741 et
2834 2694 2982 2742 ecce
3017 2675 3152 2758 plus

560 2779 663 2845 hic
709 2797 899 2862 quam
945 2781 1163 2848 Jonas.
1255 2781 1360 2849 42.
1406 2781 1654 2864 Regina
1702 2782 1905 2848 austri
1955 2787 2253 2865 resurget
2313 2783 2375 2846 in
2424 2781 2662 2847 iudicio
2709 2799 2852 2846 cum
2898 2797 3156 2861 genera-

558 2884 733 2954 tione
779 2886 905 2952 ista
950 2889 1016 2950 et
1061 2886 1507 2952 condemnabit
1552 2905 1713 2967 eam,
1763 2887 1913 2970 quia
1959 2887 2137 2952 uenit
2183 2887 2261 2951 ab
2307 2886 2550 2951 ultimis
2610 2883 2902 2966 partibus
2945 2888 3160 2949 terrae

559 2989 786 3055 audire
832 2990 1212 3072 sapientiam
1246 2991 1632 3072 SolomoniS,
1708 2997 1775 3057 et
1843 3010 1991 3057 ecce
2057 2992 2203 3075 plus
2271 2992 2377 3056 hic
2451 3009 2643 3071 quam
2691 2989 3002 3055 Solomon.
3051 2986 3170 3055 43?

562 3093 721 3159 Cum
767 3101 978 3161 autem
1025 3096 1385 3163 immundus
1431 3096 1695 3179 spiritus
1766 3097 1993 3162 exierit
2039 3097 2117 3161 ab
2187 3094 2460 3173 homine,
2525 3095 2814 3161 ambulat
2859 3111 2975 3176 per
3017 3093 3160 3160 loca

562 3198 741 3264 arida
790 3203 857 3264 et
903 3199 1164 3266 deserta
1213 3219 1529 3283 quaerens
1576 3202 1882 3284 requiem,
1930 3205 1996 3266 et
2041 3218 2165 3265 non
2213 3202 2517 3265 inueniet.
2566 3201 2670 3265 44.
2719 3200 2896 3265 Tunc
2959 3198 3153 3265 dicit:

564 3307 856 3369 reuertar
899 3305 964 3369 in
1002 3306 1252 3371 domum
1302 3306 1471 3371 unde
1517 3307 1713 3372 exiui.
1759 3306 1849 3370 Et
1895 3306 2159 3371 ueniens
2206 3307 2261 3371 si
2306 3305 2624 3370 inuenerit
2654 3308 2987 3370 uacantem
3021 3321 3159 3369 866-

561 3408 661 3491 pis
705 3408 1069 3476 mundatam
1115 3414 1181 3475 et
1227 3414 1533 3477 ornatam.
1626 3408 1727 3474 45.
1778 3409 1957 3474 Tunc
2025 3410 2204 3475 uadit
2262 3414 2327 3474 et
2388 3409 2666 3475 adsumit
2738 3427 2952 3475 secum
2996 3408 3160 3474 61168

562 3516 806 3594 septem
857 3513 1125 3596 spiritus
1168 3516 1509 3597 nequiores
1557 3532 1747 3598 quam
1794 3533 1883 3595 se,
1952 3520 2020 3581 et
2084 3516 2400 3580 intrantes
2461 3514 2753 3580 habitant
2820 3514 2885 3579 in
2933 3532 3030 3594 66,
3094 3517 3161 3578 61

561 3616 727 3686 fiunt
771 3620 1122 3685 nouissima
1167 3619 1441 3685 hominis
1487 3620 1658 3686 illius
1706 3619 1924 3702 peiora
1997 3619 2201 3701 magis
2269 3639 2456 3702 quam
2527 3621 2765 3702 priora.
2857 3617 2962 3684 Sic
3034 3619 3161 3685 erit

566 3724 965 3806 generationi
1010 3725 1156 3790 huic
1204 3726 1536 3806 pessimae.
1583 3727 1689 3792 46.
1738 3724 1917 3791 Η666
1963 3741 2039 3790 66
2085 3725 2387 3807 loquente
2434 3725 2515 3791 ad
2549 3726 2788 3807 turbas,
2835 3743 2985 3791 ecce
3031 3743 3159 3789 ma·

572 3833 674 3893 ter
718 3829 857 3896 eius
902 3835 972 3896 et
1015 3823 1245 3897 fratres
1304 3831 1563 3898 stabant
1607 3830 1766 3896 foris
1812 3836 2195 3913 quaerentes
2240 3830 2413 3912 loqui
2461 3849 2610 3896 curn·
2649 3850 2745 3896 66.
2818 3832 2925 3896 47.
2976 3829 3158 3894 Dixit

567 3940 782 4001 autem
815 3937 872 4001 ei
899 3936 1190 4020 quidam:
1238 3954 1388 4001 6666
1432 3941 1634 4002 mater
1679 3941 1795 4002 tua
1840 3941 1905 4001 et
1937 3935 2168 4001 fratres
2212 3937 2308 4002 tui
2355 3934 2510 4001 foris
2559 3940 2734 4002 stant
2779 3942 3154 4018 quaerentes

560 4040 733 4123 loqui
780 4046 1008 4107 tecum.
1059 4043 1163 4107 48.
1212 4040 1311 4106 Ad
1357 4041 1496 4123 ipse
1543 4041 1935 4123 respondens
1982 4040 2220 4105 dicenti
2268 4038 2389 4105 sibi
2435 4042 2559 4106 ait:
2627 4038 2807 4116 Quae
2853 4046 2957 4107 est
3005 4039 3147 4104 mihi

561 4149 765 4210 mater
809 4165 950 4213 mea
998 4152 1065 4213 et
1106 4147 1343 4212 fratres
1390 4146 1561 4210 mei?
1652 4146 1758 4228 49.
1827 4145 1916 4210 Et
1982 4145 2333 4211 extendens
2400 4164 2653 4212 manum
2701 4148 2765 4211 in
2813 4143 3146 4228 discipulos

567 4269 717 4316 suos
763 4251 969 4318 dixit:
1021 4271 1169 4319 ecce
1213 4256 1417 4317 mater
1464 4270 1605 4317 mea
1651 4255 1717 4318 et
1761 4249 1994 4317 fratres
2043 4251 2183 4316 mei.
2255 4252 2357 4319 50.
2410 4252 2811 4333 Quicumque
2854 4250 3022 4317 enim
3062 4246 3153 4314 fe-

563 4355 725 4420 cerit
770 4359 1166 4424 uoluntatem
1215 4359 1420 4440 patris
1465 4358 1590 4422 mei
1638 4356 1751 4438 qui
1797 4358 1864 4423 in
1912 4357 2110 4425 caelis
2158 4364 2276 4437 est,
2323 4359 2464 4439 ipse
2510 4376 2688 4423 meus
2736 4362 2805 4423 et
2845 4356 3050 4423 frater
3095 4357 3158 4420 et

560 4477 742 4525 soror
789 4467 855 4527 et
900 4466 1101 4528 mater
1146 4466 1264 4529 est.

569 4743 577 4747 ,
768 4671 975 4740 xm.
1026 4675 1079 4737 1.
1129 4674 1372 4740 Eodem
1419 4673 1522 4738 die
1567 4673 1726 4739 exiit
1782 4673 1976 4740 Jesus
2023 4691 2208 4738 secus
2269 4690 2444 4737 mare
2489 4676 2557 4736 et
2601 4669 2884 4738 sedebat.
2966 4673 3024 4734 2.
3074 4668 3161 4734 Et

566 4781 988 4860 congregatae
1055 4785 1202 4844 sunt
1249 4778 1328 4846 ad
1377 4795 1517 4843 eum
1565 4778 1815 4858 turbae,
1886 4777 1976 4841 ita
2020 4780 2092 4842 ut
2137 4777 2205 4842 in
2251 4774 2607 4842 nauiculam
2674 4774 3050 4839 ascenderet
3097 4776 3164 4837 et
