3484 5617
580 498 705 562 112
1347 490 1710 559 Euangelium
1748 487 2049 544 secundum
2087 489 2369 542 Lucanum
2989 491 3046 546 C,
3087 499 3172 548 22,

576 704 783 783 uobis,
828 722 908 769 ne
953 703 1117 769 forte
1148 706 1499 785 grauentur
1547 702 1739 766 corda
1784 704 2004 766 uestra
2051 702 2114 765 in
2178 701 2433 784 crapula
2481 707 2548 767 et
2593 702 2909 768 ebrietate
2954 709 3022 769 et
3068 724 3172 771 co·

573 808 993 890 gitationibns
1038 806 1456 887 secula1·ibuS‚
1483 811 1550 872 et
1589 805 2007 889 superueniat
2035 806 2101 870 in
2134 824 2251 872 uos
2296 808 2633 889 repentina
2664 858 2679 874 .
2714 855 2728 870 .
2766 857 2781 873 .
2815 858 2833 872 .
2878 810 2983 876 35.
3030 814 3170 875 tan·

570 931 756 994 quam
806 912 1076 994 laqueus
1124 912 1536 992 superveniet
1581 912 1748 976 enim
1814 912 1878 974 in
1926 928 2167 994 omnes,
2229 912 2336 993 qui
2386 912 2611 977 sedent
2676 930 2873 994 super
2939 913 3171 978 faciem

570 1018 777 1082 omnis
842 1022 1072 1083 terrae.
1167 1018 1271 1083 36.
1343 1016 1622 1098 Uigilate
1671 1017 1892 1097 itaque
1941 1015 2109 1081 omni
2177 1021 2464 1097 tempore
2529 1030 2800 1096 orantes,
2870 1022 2946 1082 ut
2990 1019 3170 1101 digni

572 1120 938 1187 habeamini
987 1122 1266 1202 effugere
1324 1121 1449 1185 ista
1494 1122 1725 1199 omnia,
1778 1140 1941 1203 qnae
1986 1119 2206 1185 futura
2254 1125 2420 1200 sunt,
2491 1127 2558 1186 et
2600 1122 2855 1188 stabitis
2902 1126 3049 1186 ante
3096 1121 3170 1187 fi-

574 1228 730 1292 lium
776 1227 1068 1292 hominis,
1116 1228 1219 1292 37.
1266 1227 1428 1291 Erat
1474 1231 1686 1291 autem
1733 1226 1900 1290 iuter
1961 1227 2128 1291 diem
2177 1227 2413 1292 docens
2458 1228 2524 1292 in
2573 1228 2828 1309 temple,
2873 1229 3170 1294 noctibus

575 1351 727 1397 uero
773 1332 991 1396 exiens
1034 1331 1427 1396 auocabatur
1456 1332 1520 1395 in
1555 1334 1785 1409 moute,
1835 1332 1945 1412 qui
1978 1333 2324 1397 uocabatur
2370 1331 2628 1399 Olibeti.
2687 1334 2786 1399 38.
2841 1332 2925 1397 Et
2967 1333 3171 1399 omnis

576 1435 850 1520 populus
894 1435 1257 1501 manicabat
1302 1437 1367 1500 in
1414 1436 1669 1518 templo,
1720 1436 1948 1501 audire
1993 1455 2158 1501 eum.

781 1666 988 1731 XXH.
1044 1649 1097 1711 1.
1135 1646 1565 1727 Adpropiauit
1609 1651 1822 1711 autom
1858 1647 1995 1711 dies
2026 1648 2394 1731 azimorum,
2430 1665 2594 1729 quae
2642 1647 2877 1712 dicitur
2909 1648 3164 1731 pascha,

572 1755 632 1820 2.
684 1757 750 1818 et
773 1751 1164 1834 quaerebant
1206 1751 1528 1833 principes
1574 1752 1975 1816 sacerdotum
2010 1757 2075 1816 et
2121 1750 2394 1830 scribae,
2445 1753 2757 1833 quomodo
2792 1770 2935 1817 eum
2974 1753 3170 1818 inter-

579 1856 862 1937 ficerent,
930 1855 1243 1921 timebant
1313 1872 1465 1918 uero
1534 1854 1802 1937 plebem.
1875 1858 1935 1920 3.
2012 1855 2291 1920 Intrauit
2367 1863 2576 1920 autem
2640 1859 2898 1922 satanas
2944 1858 3008 1922 in
3055 1856 3173 1923 Ju-

575 1963 739 2037 dam,
808 1962 917 2043 qui
988 1960 1552 2042 cognominabatur
1614 1959 1925 2039 Scarioth,
1972 1978 2138 2025 unus
2218 1961 2297 2024 de
2374 1961 2514 2040 XII,
2594 1963 2651 2025 4.
2731 1965 2798 2027 et
2873 1959 3035 2027 abiit
3108 1968 3175 2028 et

573 2068 826 2131 locutus
900 2072 1000 2131 est
1072 2084 1211 2130 cum
1302 2065 1703 2147 principibus
1795 2065 2198 2129 sacerdotum
2288 2071 2355 2131 et
2426 2066 2675 2149 scribis,
2765 2068 3174 2148 quemadmo-

574 2172 723 2237 dum
758 2222 772 2235 .
824 2221 838 2235 .
889 2222 956 2238 ..
1025 2171 1313 2236 traderet
1378 2171 1490 2235 eis.
1582 2174 1642 2234 5.
1714 2169 1802 2235 Et
1873 2171 2039 2250 pacti
2087 2175 2235 2235 sunt
2286 2171 2621 2253 pecuniam
2694 2170 2863 2236 dare.
2956 2174 3016 2238 6.
3086 2172 3175 2236 Et

576 2275 931 2360 quaerebat
976 2277 1542 2359 opportunitatem,
1593 2280 1661 2339 ut
1706 2275 1992 2340 traderet
2038 2275 2216 2339 illum
2265 2276 2402 2339 sine
2448 2275 2636 2340 turba
2684 2276 2797 2342 eis.
2867 2276 2927 2342 7.
2975 2276 3176 2343 Uenit

574 2385 788 2446 autem
836 2382 976 2446 dies
1018 2380 1315 2464 paschae,
1386 2381 1448 2445 in
1498 2398 1622 2462 qua
1666 2398 1932 2445 necesse
2002 2384 2141 2444 erat
2210 2379 2411 2444 occidi
2480 2379 2736 2461 pascha,
2806 2383 2845 2448 8
2892 2386 2957 2446 et
3002 2382 3176 2449 misit

573 2488 833 2552 Petrum
879 2490 946 2551 et
989 2486 1324 2551 Jobannen
1361 2535 1374 2549 .
1413 2533 1428 2549 .
1473 2535 1486 2549 .
1523 2509 1579 2551 .:
1643 2485 1912 2568 EunteS,
1946 2530 1951 2533 -
1984 2488 2207 2569 parate
2255 2486 2437 2553 nobis
2482 2486 2741 2567 pascha,
2790 2491 2864 2551 ut
2908 2488 3170 2552 mandu-

577 2609 809 2658 cemus.
877 2594 932 2656 9.
986 2591 1083 2655 Ad
1126 2590 1220 2656 illi
1269 2591 1600 2656 dixerunt:
1651 2588 1779 2656 Ubi
1825 2590 1925 2656 bis
1969 2607 2288 2673 paremus,
2364 2593 2465 2657 10.
2527 2590 2614 2656 Et
2659 2591 2820 2656 dixit
2866 2593 2947 2657 ad
2991 2593 3165 2658 illos:

573 2696 746 2762 Ecce
790 2695 1260 2763 introeuntibus
1330 2694 1513 2761 uobis
1556 2695 1623 2758 in
1671 2696 1936 2760 ciuitate
1990 2702 2283 2761 occurret
2338 2696 2521 2761 uobis
2572 2696 2758 2763 homo
2819 2696 3174 2780 anphoram

575 2819 780 2882 aquae
849 2807 1135 2883 portanS,
1203 2800 1541 2882 sequimini
1604 2819 1748 2865 eum
1812 2801 1876 2865 in
1945 2785 2217 2880 domuin,
2289 2803 2350 2866 in
2400 2821 2585 2883 quam
2631 2803 2862 2882 intrat3
2959 2807 3059 2869 11.
3109 2814 3177 2869 et

578 2905 807 2971 dicetis
838 2905 1325 2986 patrifamiliae:
1353 2904 1541 2969 Dicet
1557 2904 1673 2969 tibi
1696 2907 2004 2987 magister
2028 2906 2175 2971 :Ubi
2199 2911 2299 2971 est
2329 2907 2771 2986 diuersorium,
2801 2908 2907 2973 ubi
2942 2908 3177 2990 pascha

579 3028 716 3074 cum
767 3010 1103 3093 discipulis
1151 3011 1310 3076 meis
1358 3010 1782 3075 manducem?
1832 3013 1931 3076 12.
1980 3011 2067 3075 Et
2099 3010 2206 3075 ille
2246 3012 2431 3076 uobis
2465 3013 2758 3078 ostendet
2787 3013 2951 3095 pede
2982 3014 3175 3094 plano

574 3114 783 3180 locum
856 3120 1125 3181 stratum
1173 3134 1510 3197 magnum;
1568 3115 1656 3180 ibi
1703 3120 1947 3197 parate.
2051 3118 2146 3181 13.
2217 3117 2463 3181 Euntes
2510 3121 2723 3182 autem
2770 3120 3176 3197 inuenerunt,

575 3218 744 3285 sicut
789 3220 953 3284 dixit
999 3222 1126 3285 illis
1173 3226 1239 3285 et
1282 3223 1675 3301 parauerunt
1736 3220 1998 3301 pascha.
2075 3221 2171 3286 14.
2241 3221 2329 3285 Et
2373 3240 2513 3287 cum
2560 3221 2732 3288 facta
2776 3229 2947 3290 esset
2992 3223 3174 3307 hora,

579 3323 903 3389 discubuit
947 3329 1012 3388 et
1058 3324 1329 3405 apostoli
1378 3344 1520 3389 cum
1566 3324 1694 3388 illo.
1751 3324 1849 3390 15.
1898 3323 1986 3389 Et
2030 3326 2121 3390 ait
2166 3325 2329 3391 illis:
2400 3325 2736 3392 Desiderio
2807 3328 3176 3394 desideraui

577 3427 695 3494 hoc
738 3429 978 3510 pascha
1022 3431 1404 3494 manducare
1451 3429 1653 3507 uobis,
1716 3433 2055 3510 antequam
2103 3431 2331 3513 patiar.
2405 3434 2498 3498 16.
2547 3432 2706 3496 Dico
2751 3433 2922 3498 enim
2970 3434 3175 3515 uobiS,

581 3533 730 3613 quia
787 3553 865 3599 ex
915 3535 1035 3601 hoc
1080 3553 1202 3600 non
1250 3533 1645 3599 manducabo
1691 3533 1871 3613 illud‚
1921 3535 2165 3600 donec.
2206 3586 2217 3600 .
2255 3584 2267 3597 .
2307 3587 2321 3601 .
2368 3537 2434 3600 in
2479 3555 2674 3619 regno
2722 3537 2843 3602 dei.
2942 3539 3038 3603 17.
3090 3538 3175 3603 Et

576 3643 839 3721 accepto
884 3658 1048 3723 pane
1095 3640 1342 3721 gratias
1386 3640 1519 3720 egit
1563 3645 1628 3704 et
1674 3638 1866 3721 fregit
1911 3646 1977 3704 et
2035 3639 2215 3704 dedit
2261 3639 2391 3706 illis
2440 3640 2687 3706 dicens:
2742 3644 2839 3708 18.
2887 3641 3029 3708 Hoc
3077 3647 3178 3706 est

577 3761 810 3825 corpus
862 3764 1092 3811 meum.
1160 3745 1246 3811 Et
1290 3750 1558 3827 accepto
1605 3744 1804 3810 calice
1850 3745 2090 3825 gratias
2138 3746 2270 3827 egit
2315 3751 2380 3812 et
2427 3746 2621 3812 dixit:
2695 3748 2985 3829 Accipite
3055 3748 3178 3813 hoc

579 3854 645 3913 et
692 3848 961 3915 diuidite
1009 3852 1178 3915 inter
1221 3870 1355 3916 uos.
1455 3852 1550 3915 19.
1601 3850 1763 3914 Dico
1811 3851 1975 3914 enim
2023 3849 2227 3929 uobiS,
2277 3852 2444 3932 quod
2489 3870 2613 3916 non
2660 3851 2869 3917 bibam
2920 3853 2999 3916 de
3068 3871 3182 3935 ge-

579 3956 907 4020 neratione
956 3956 1072 4020 hac
1120 3956 1270 4020 uitis
1315 3956 1527 4035 huius,
1577 3955 1777 4020 donec
1823 3973 2081 4038 reguum
2129 3955 2233 4020 dei
2281 3956 2515 4021 ueniat.
2566 3958 2666 4021 21.
2714 3957 3177 4023 Uerumtamen

581 4078 731 4124 ecce
776 4078 1000 4125 manus
1045 4060 1360 4125 tradentis
1406 4079 1505 4124 me
1550 4079 1798 4126 mecum
1843 4059 1909 4123 in
1954 4078 2192 4127 mensa.
2265 4063 2367 4125 22.
2416 4061 2502 4124 Et
2546 4061 2800 4142 quidem
2846 4060 3017 4126 filius
3062 4063 3177 4128 ho-

581 4162 791 4244 minia,
841 4165 1187 4230 secundum
1234 4165 1399 4247 quod
1449 4165 1763 4248 scriptum
1809 4170 1927 4248 est,
1997 4165 2199 4231 uadit.
2266 4164 2723 4231 Uerumtamen
2770 4186 2890 4232 uae
2933 4166 3180 4233 homini

579 4267 693 4347 illi,
767 4288 881 4350 per
950 4288 1132 4351 quem
1195 4268 1365 4336 filius
1412 4269 1688 4334 hominis
1737 4270 2030 4336 traditur.
2107 4271 2207 4335 23.
2259 4271 2346 4336 Et
2386 4271 2511 4353 ipsi
2575 4272 3038 4354 conquirebant
3084 4273 3176 4337 in·

576 4379 677 4438 ter
724 4392 814 4453 se,
863 4375 1006 4456 quis
1051 4379 1224 4440 esset
1269 4375 1388 4440 hoc
1434 4374 1740 4440 facturus,
1794 4378 1893 4439 24.
1942 4377 2138 4440 Facta
2197 4380 2299 4441 est
2342 4380 2552 4441 autem
2614 4378 2936 4442 contentio
3008 4378 3179 4442 inter

580 4479 742 4562 illesi,
793 4481 1087 4561 quisnam
1134 4480 1336 4545 maior
1382 4481 1732 4545 uideretur.
1782 4483 1882 4563 25.
1933 4480 2030 4544 Ad
2080 4481 2217 4562 ipse
2266 4480 2427 4546 dixit
2474 4482 2602 4548 eis-z
2647 4501 2836 4564 reges
2894 4482 3181 4564 gentium

579 4584 985 4650 dominantur
1048 4604 1286 4670 eorum,
1356 4590 1422 4650 et
1468 4587 1575 4667 qui
1624 4589 2007 4666 potestatem
2053 4585 2118 4649 in
2163 4604 2274 4650 eos
2320 4592 2645 4666 exercunt,
2717 4584 3179 4653 beneficiorum

581 4689 889 4772 largiores
952 4690 1268 4756 dicuntur.
1361 4693 1462 4756 26.
1528 4689 1660 4756 Uos
1722 4694 2104 4755 autemnon
2150 4690 2261 4767 ita,
2331 4691 2445 4756 sed
2514 4693 2621 4773 qui
2688 4692 2894 4758 maior
2961 4694 3063 4758 est
3113 4694 3178 4756 in

580 4794 784 4875 uobis,
830 4793 1147 4861 efficiatur
1211 4799 1284 4860 ut
1343 4793 1832 4879 adulescentior,
1904 4799 1969 4858 et
2032 4793 2139 4874 qui
2191 4799 2461 4875 praeest,
2526 4799 2597 4862 ut
2655 4796 2765 4877 qui
2826 4796 3176 4862 ministrat.
