3484 5617
294 502 351 556 C.
389 499 472 553 27.
733 454 741 461 ι
1044 487 1407 566 Euangelinm
1446 490 1750 552 secundum
1789 491 2148 575 Matthaenm.
2808 497 2892 565 39

290 714 394 776 63.
461 711 655 776 Jesus
716 714 929 775 autem
992 708 1261 773 tacebat.
1335 707 1421 772 Et
1484 709 1881 788 respondens
1944 708 2241 788 princeps
2327 709 2733 775 sacerdotum
2801 713 2893 775 ait

286 815 416 880 illi:
464 814 707 879 Adiura
737 819 801 879 te
833 832 947 895 per
994 814 1183 877 deum
1210 812 1447 891 uiuum,
1495 817 1566 877 ut
1613 810 1790 877 dicas
1836 813 2035 890 nobis,
2076 812 2131 876 si
2180 818 2248 876 tu
2283 830 2352 877 es
2386 811 2683 879 Christus
2716 813 2889 881 filius

290 918 412 982 dei.
459 920 563 984 64.
614 917 788 981 Dicit
834 916 926 981 illi
972 916 1192 982 Jesus:
1248 917 1342 981 Tu
1379 916 1631 990 dixisti3
1682 934 1865 980 amen
1903 915 2043 980 dico
2076 917 2280 994 uobiS‚
2329 915 2554 981 amodo
2585 916 2889 983 uidebitis

290 1022 501 1104 filium·
542 1022 817 1087 hominis
864 1021 1196 1086 sedentem
1241 1022 1320 1086 ad
1369 1022 1656 1085 dextram
1704 1021 1966 1085 uirtutis
2025 1026 2092 1086 et
2139 1022 2503 1086 uenientem
2570 1041 2710 1085 cum
2778 1041 2890 1086 nu-

288 1126 478 1192 bibus
505 1125 683 1191 caeli.
710 1126 813 1191 65.
840 1125 1017 1189 Tunc
1043 1123 1341 1206 princeps
1374 1126 1779 1189 sacerdotum
1815 1125 2003 1189 scidit
2036 1126 2417 1191 uestimenta
2447 1142 2586 1204 sua,
2636 1126 2888 1191 dicens:

289 1230 790 1312 Blasphemauit,
860 1229 1014 1311 quid
1107 1228 1315 1295 adhuc
1399 1246 1662 1311 egemus
1727 1228 2058 1294 testibus?
2140 1245 2289 1295 ecce
2354 1248 2522 1295 nunc
2618 1221 2891 1296 audistis

294 1334 690 1399 blasfemiam
739 1335 910 1412 eius3
951 1333 1101 1415 qnid
1131 1332 1314 1400 uobis
1340 1333 1778 1400 uidetur?66.
1817 1333 1915 1398 Ad
1948 1333 2040 1397 illi
2065 1334 2534 1415 responderunt
2581 1352 2800 1399 omnes
2825 1338 2892 1397 et

288 1440 621 1504 dixerunt:
671 1437 843 1502 Reus
892 1442 992 1501 est
1035 1437 1281 1504 mortis.
1328 1439 1431 1503 67.
1480 1438 1658 1502 Tunc
1704 1440 2063 1520 expuerunt
2109 1438 2174 1501 in
2218 1436 2448 1502 faciem
2499 1444 2561 1503 et
2597 1438 2884 1521 colaphis

286 1562 432 1608 eum
477 1542 904 1624 caeciderunt,
974 1541 1293 1608 dicentes:
1363 1543 1467 1608 68.
1530 1542 1911 1625 prophetiza
1947 1542 2151 1616 nobis,
2217 1539 2517 1623 Christe,
2560 1544 2703 1626 quis
2766 1546 2893 1623 est,

286 1650 397 1730 qui
443 1653 510 1713 te
559 1647 898 1729 percussit.
963 1646 1067 1711 69.
1117 1647 1346 1711 Petrus
1409 1663 1565 1710 uero
1614 1646 1879 1711 sedebat
1938 1645 2093 1711 foris
2141 1647 2203 1710 in
2252 1647 2436 1729 atrio,
2505 1652 2571 1712 et
2617 1648 2890 1712 accessit

289 1771 415 1816 nna
459 1750 692 1818 ancilla
755 1750 836 1813 ad
880 1767 1024 1813 eum
1072 1749 1325 1815 dicens:
1388 1750 1474 1814 Et
1519 1754 1591 1814 tu
1640 1768 1781 1814 cum
1844 1749 2004 1814 Jesu
2050 1748 2341 1815 Galilaeo
2403 1768 2568 1815 eras.
2638 1751 2738 1816 70.
2790 1752 2889 1814 Ad

284 1856 394 1921 ille
418 1855 682 1938 negauit
727 1873 940 1918 coram
991 1852 1282 1919 omnibus
1315 1852 1569 1920 dicens:
1601 1851 1875 1933 Nescio,
1910 1853 2064 1935 quid
2096 1854 2275 1938 dicis,
2326 1873 2533 1936 neque
2566 1853 2888 1935 intellego.

288 1963 390 2027 71.
439 1961 794 2025 Exeuntem
867 1963 1079 2023 autem
1143 1957 1323 2022 illum
1386 1959 1664 2036 ianuam,
1733 1958 1901 2023 uidit
1961 1957 2139 2022 illum
2202 1959 2330 2023 alia
2391 1958 2626 2023 ancilla
2686 1961 2753 2022 et
2797 1960 2890 2023 ait

287 2065 408 2142 his,
457 2065 568 2147 qni
615 2068 801 2129 erant
844 2063 966 2128 ibi:
1014 2064 1100 2127 Et
1148 2062 1250 2127 hic
1310 2067 1452 2126 erat
1513 2083 1653 2128 cum
1713 2063 1872 2130 Jesu
1915 2063 2267 2130 NazarenO.
2338 2065 2439 2129 72.
2509 2065 2597 2129 Et
2658 2063 2887 2128 iterum

287 2170 544 2251 negauit
576 2187 718 2235 cum
749 2168 1124 2244 iurament0,
1158 2167 1412 2233 dicens:
1440 2185 1563 2232 non
1596 2168 1746 2232 noui
1779 2168 2111 2234 hominem.
2151 2169 2252 2234 73.
2287 2167 2374 2233 Et
2408 2173 2552 2249 post
2583 2167 2883 2250 pusillum

284 2277 713 2350 accesserunt,
765 2273 870 2355 qui
920 2274 1177 2338 stabant
1224 2277 1289 2337 et
1337 2272 1637 2337 dixerunt
1684 2272 1916 2337 Petro:
1965 2272 2137 2338 Uere
2183 2291 2261 2337 ex
2309 2273 2437 2339 illis
2484 2292 2554 2338 es
2598 2278 2689 2353 tu,
2733 2292 2883 2337 nam

282 2387 348 2445 et
391 2379 672 2461 loquella
728 2384 842 2443 tua
911 2376 1142 2442 similis
1213 2382 1333 2442 est.
1407 2380 1507 2444 74.
1557 2378 1733 2442 Tunc
1784 2380 1993 2458 coepit
2039 2378 2349 2443 denotare
2396 2396 2465 2442 se
2528 2382 2597 2442 et
2655 2378 2884 2451 iurare,

282 2487 448 2567 quod
497 2503 622 2549 non
667 2483 957 2548 uouisset
987 2482 1324 2546 hominem.
1376 2482 1460 2546 Et
1495 2484 1797 2547 continuo
1831 2481 2039 2564 gallus
2074 2484 2376 2547 cantauit.
2428 2483 2529 2548 75.
2564 2483 2651 2547 Et
2683 2501 2886 2546 reme·

280 2597 566 2655 moratus
629 2593 728 2655 est
788 2588 1017 2653 Petrus
1086 2587 1269 2650 uerbi
1342 2586 1518 2667 Jesu‚
1587 2587 1757 2669 quod
1808 2588 2056 2652 dixerat
2100 2587 2192 2652 ei:
2262 2588 2633 2668 priusquam
2681 2586 2886 2666 gallus

282 2700 518 2772 cantet,
568 2698 670 2758 ter
712 2710 813 2756 me
858 2691 1142 2773 negabis.
1192 2692 1279 2755 Et
1324 2709 1622 2771 egressus
1668 2690 1865 2770 foras,
1915 2694 2318 2757 amarissime
2363 2691 2665 2775 plorauit.

492 2900 803 2970 xxvn.
879 2904 933 2966 1.
998 2898 1189 2964 Mane
1249 2903 1462 2963 autem
1524 2897 1759 2964 factum
1822 2900 2156 2967 consilium
2226 2906 2610 2984 acceperunt
2669 2918 2886 2966 omnes

285 3007 608 3090 principes
654 3005 1060 3071 sacerdotum
1108 3008 1174 3068 et
1220 3004 1503 3068 seniores
1548 3004 1756 3085 plebis
1783 3004 2092 3071 aduersus
2136 3006 2176 3071 J
2184 3025 2385 3083 esum,
2421 3013 2492 3073 ut
2522 3026 2666 3073 eum
2694 3008 2883 3072 morti

284 3113 633 3178 traderent.
684 3114 744 3176 2.
792 3109 879 3177 Et
924 3109 1211 3173 uinctum
1258 3108 1664 3174 adduxerunt
1709 3128 1856 3175 eum
1890 3115 1955 3175 et
1985 3111 2388 3177 tradiderunt
2421 3112 2646 3177 Pontio
2678 3111 2883 3176 Pilato

285 3217 583 3300 praesidi.
630 3218 690 3282 3.
737 3216 912 3280 Tunc
945 3213 1172 3278 uidens
1217 3213 1441 3293 Judas,
1491 3213 1597 3294 qui
1647 3232 1792 3278 eum
1840 3214 2127 3293 tradidit,
2177 3219 2327 3297 quia
2376 3218 2715 3282 damnatus
2747 3223 2882 3297 est;

286 3319 681 3405 paenitentia
728 3320 978 3401 ductus,
1031 3318 1282 3382 rettulit
1341 3315 1517 3381 XXX
1567 3323 1907 3400 argenteos
1956 3320 2351 3401 principibus
2383 3321 2784 3386 sacerdotum
2819 3328 2884 3385 et

279 3425 638 3493 senioribus
685 3425 936 3489 dicens:
985 3425 1049 3488 4.
1094 3423 1386 3500 Peccaui,
1430 3423 1600 3503 quod
1647 3423 2020 3488 tradiderim
2070 3426 2444 3505 sanguinem
2478 3427 2732 3492 iustum.
2783 3427 2883 3490 Ad

278 3531 374 3596 illi
421 3531 751 3595 dixerunt:
824 3528 991 3607 Quid
1039 3528 1120 3592 ad
1167 3519 1328 3593 nos?
1393 3533 1463 3591 tu
1511 3527 1772 3593 uideris.
1842 3530 1901 3595 5.
1950 3529 2037 3593 Et
2082 3530 2382 3611 proiectis
2446 3532 2768 3613 argenteis
2816 3530 2879 3595 in

278 3636 536 3718 templo,
602 3636 871 3700 secessit
931 3639 998 3698 ot
1059 3634 1216 3698 abiit
1276 3636 1340 3697 et
1384 3632 1616 3714 laqueo
1678 3652 1748 3698 se
1796 3633 2152 3715 suspendit.
2224 3637 2284 3700 6.
2331 3636 2508 3701 Tunc
2555 3634 2881 3718 principes

279 3741 706 3821 sacerdotum,
778 3738 1059 3820 acceptis
1123 3739 1470 3819 argenteis,
1543 3736 1871 3802 dixerunt:
1941 3737 2086 3802 Non
2144 3738 2299 3804 licet
2342 3741 2600 3805 mittere
2662 3740 2880 3803 eos'in

277 3845 578 3927 loculum,
627 3845 781 3928 quia
823 3844 1141 3925 praetium
1192 3842 1539 3925 sanguinis
1575 3846 1690 3906 est.
1746 3844 1801 3908 7.
1854 3842 2137 3908 Consilio
2170 3849 2383 3908 autem
2418 3848 2680 3926 accepto
2711 3845 2882 3911 inter

278 3971 368 4032 se,
416 3953 713 4016 emerunt
761 3968 980 4030 agrum
1027 3946 1208 4029 figuli
1256 3947 1321 4012 in
1370 3948 1764 4029 sepulturam
1801 3950 2297 4031 peregrinorum.
2345 3952 2404 4016 8.
2454 3948 2731 4030 Propter
2762 3949 2881 4014 hoc

278 4062 549 4122 uocatus
593 4061 696 4120 est
740 4072 894 4137 ager
940 4053 1082 4118 ille:
1145 4051 1641 4135 Acheldemach,
1689 4053 1857 4133 quod
1904 4057 2004 4118 est
2064 4072 2219 4134 ager
2283 4054 2611 4135 sanguinis
2672 4072 2880 4136 usque

278 4162 341 4226 in
385 4161 763 4225 hodiernum
813 4159 997 4224 diem.
1048 4159 1106 4221 9.
1155 4158 1333 4221 Tunc
1377 4156 1708 4238 impletum
1757 4162 1879 4236 est,
1928 4158 2097 4238 quod
2146 4158 2382 4222 dictum
2431 4160 2530 4221 est
2578 4175 2691 4237 per
2734 4176 2879 4238 pro-

276 4266 533 4349 phetam
572 4264 915 4330 dicentem:
963 4262 1051 4329 Et
1080 4264 1465 4344 acceperunt
1508 4260 1692 4326 XXX
1739 4268 2079 4344 argenteos·
2109 4262 2422 4343 praetium
2467 4262 2877 4342 adpraetiati,

278 4371 448 4453 quod
494 4370 1060 4453 adpraetiauerunt
1103 4388 1141 4434 a
1180 4367 1338 4435 ⁴filiis
1384 4366 1678 4447 Istrahel,
1753 4371 1852 4432 10.
1901 4374 1967 4431 et
2011 4368 2329 4434 dederunt
2387 4386 2498 4434 eos
2543 4368 2606 4431 in
2656 4387 2875 4449 agrum

260 4474 475 4558 figuli,
522 4475 689 4540 sicut
733 4475 1071 4540 constituit
1115 4473 1269 4538 mihi
1304 4473 1615 4538 dominus.
1673 4474 1767 4536 11.
1818 4471 2012 4538 Jesus
2056 4477 2270 4537 autem
2318 4473 2474 4538 sctit
2516 4476 2667 4537 ante
2697 4491 2875 4553 prae-

276 4581 508 4661 sidem3
557 4585 623 4646 et
666 4581 1092 4662 interrogauit
1151 4597 1291 4643 eum
1346 4594 1604 4658 praeses
1665 4576 1917 4643 dicens:
1981 4576 2074 4641 Tu
2138 4595 2208 4641 es
2267 4596 2379 4642 rex
2440 4576 2877 4642 Judaeorum'?

277 4687 448 4752 Dicit
470 4688 530 4751 ei
553 4686 592 4751 J
600 4703 782 4760 esus;
809 4686 902 4750 Tu
930 4683 1109 4751 dicis,
1142 4685 1238 4750 12.
1269 4680 1518 4746 Etcum
1543 4685 1955 4745 accusaretur
1984 4700 2020 4745 a
2051 4680 2449 4762 principibus
2476 4682 2875 4747 sacerdotum

276 4800 351 4860 et.
420 4791 801 4872 senioribus,
861 4790 1020 4855 nihil
1094 4784 1537 4873 respondebat.
1623 4786 1716 4850 13.
1780 4785 1957 4851 Tunc
2018 4787 2176 4851 dicit
2234 4787 2327 4853 illi
2389 4787 2666 4853 Pilatus:
2738 4787 2876 4853 Non
