3484 5617
597 460 684 526 44
1396 454 1762 529 Euangeiium
1798 453 2096 514 secundum
2135 453 2464 514 Johannem.
3057 449 3143 512 C.
3199 457 3262 511 1.

599 690 766 755 eum,
815 671 1113 735 dixerunt
1157 671 1249 736 ei:
1307 672 1408 737 25.
1458 670 1609 752 quid
1657 690 1811 752 ergo
1858 671 2166 752 baptizas,
2214 669 2269 734 si
2312 673 2382 734 tu
2429 687 2552 734 non
2602 687 2672 735 es
2721 665 3039 747 Christus,
3095 686 3260 731 nec

600 775 843 856 HeliaS,
914 795 1117 858 neque
1168 776 1523 859 propheta?
1613 777 1716 840 26.
1785 775 2136 857 Respondit
2204 775 2297 839 eis
2366 771 2693 840 Johannes
2757 771 3010 838 dicens:
3093 790 3258 855 ego

598 882 855 964 quidem
922 880 1175 962 baptizo
1240 900 1353 946 uos
1418 882 1479 946 iu
1527 899 1756 962 aquam
1825 881 2289 962 poenitentiae;
2358 879 2606 944 medius
2659 883 2868 944 autem
2917 884 3256 944 uestrum

599 992 751 1067 stat,
799 1005 983 1068 quem
1030 1006 1145 1052 uos
1194 987 1519 1068 ignoratis.
1594 988 1695 1052 27.
1744 986 1891 1067 Ipse
1938 991 2056 1066 est,
2106 986 2213 1067 qui
2263 991 2409 1067 post
2454 1003 2555 1049 me
2600 984 2801 1063 uenit,
2850 985 3037 1050 cuius
3089 1001 3252 1064 ego

602 1112 727 1156 non
753 1110 891 1157 sum
917 1091 1147 1173 dignus
1171 1091 1424 1156 soluere
1473 1091 1807 1173 corrigiam
1837 1091 2229 1156 calciamenti
2281 1090 2439 1156 eius.
2487 1092 2587 1154 28.
2624 1089 2798 1155 Haec
2843 1088 3021 1154 iacta
3059 1092 3254 1153 sunt

605 1197 667 1260 in
736 1194 1049 1260 Bethania
1086 1201 1265 1261 trans
1314 1195 1662 1275 Jordanen,
1710 1196 1817 1259 ubi
1853 1200 1992 1260 erat
2023 1194 2350 1261 ‚Iohannes
2379 1194 2735 1277 baptizans,
2786 1196 2891 1259 29.
2943 1194 3256 1259 Postera

606 1305 816 1366 autem
852 1301 954 1365 die
983 1301 1146 1365 uidit
1194 1300 1517 1366 Johannes
1546 1300 1768 1365 Jesuin
1795 1303 2157 1366 uenientem
2194 1301 2273 1365 ad
2305 1320 2376 1367 se
2401 1307 2466 1365 et
2489 1300 2614 1365 ait:
2663 1299 2831 1365 Ecce
2853 1318 3060 1382 agnus
3086 1299 3248 1376 dei,

606 1424 756 1470 ecce
802 1406 909 1487 qui
957 1404 1127 1471 tollit
1173 1411 1500 1488 peccatum
1565 1406 1804 1470 mundi.
1898 1406 2000 1471 30.
2051 1405 2170 1471 Hic
2216 1411 2316 1471 est
2380 1406 2459 1469 de
2505 1424 2628 1488 quo
2676 1423 2792 1487 ego
2839 1403 3013 1468 dixi:
3066 1408 3251 1485 post

608 1529 708 1575 me
758 1509 935 1575 uenit
979 1510 1098 1589 uir,
1146 1510 1253 1592 qui
1299 1517 1450 1576 ante
1497 1529 1596 1575 me
1643 1508 1851 1575 factus
1900 1517 2017 1590 est,
2066 1512 2363 1592 quoniam
2411 1516 2559 1576 ante
2606 1529 2705 1574 me
2751 1515 2903 1575 erat.
2969 1509 3082 1573 31.
3141 1509 3248 1572 Et

613 1633 728 1696 ego
777 1614 1145 1697 ignorabam
1193 1633 1354 1698 eum,
1401 1615 1512 1680 sed
1562 1620 1634 1679 ut
1667 1614 2183 1681 manifestaretur
2228 1615 2562 1694 Istraheli3
2609 1619 2877 1697 propter
2923 1614 3048 1678 hoc
3098 1631 3245 1693 ego

576 1720 754 1785 >ueni
822 1719 885 1783 in
961 1737 1124 1800 aqua
1201 1718 1556 1800 baptizans.
1645 1720 1751 1784 32.
1819 1719 1906 1783 Et
1968 1718 2346 1786 testificatus
2408 1725 2505 1784 est
2568 1718 2894 1785 Joliannes
2956 1719 3238 1783 dicens:

607 1826 902 1906 quoniam
950 1824 1085 1889 uidi
1115 1824 1427 1905 spiritum,
1475 1823 1640 1888 sicut
1686 1824 2033 1889 columbam
2083 1826 2577 1890 descendentem
2623 1823 2702 1888 de
2747 1823 2922 1890 caelo
2969 1828 3042 1886 et
3088 1841 3240 1886 ma-

607 1932 862 1993 nentem
910 1946 1104 2009 super
1149 1946 1313 1991 eum.
1363 1931 1463 1994 33.
1513 1929 1600 1993 Et
1646 1947 1763 2011 ego
1813 1928 2186 2010 ignorabam
2233 1947 2397 2013 eum,
2445 1931 2560 1993 sed
2592 1928 2697 2010 qui
2731 1926 2903 1992 misit
2925 1946 3030 1992 me
3065 1926 3235 2009 bap-

610 2034 812 2098 tizare
859 2033 924 2097 in
972 2050 1159 2114 aqua,
1206 2033 1345 2115 ipse
1390 2032 1542 2097 mihi
1594 2032 1788 2097 dixit:
1838 2035 2050 2116 Super
2095 2053 2279 2115 quem
2330 2033 2571 2100 uideris
2626 2032 2923 2114 spiritum
2974 2032 3231 2096 domini

610 2137 1106 2203 descendentem
1154 2141 1219 2201 et
1266 2143 1621 2202 manentem
1689 2138 1753 2201 in
1802 2156 1967 2217 eum,
2033 2139 2171 2220 ipse
2217 2142 2336 2218 est,
2386 2139 2494 2218 qui
2541 2138 2825 2218 baptizat
2872 2136 2935 2200 in
2981 2135 3228 2217 spiritu

611 2246 852 2308 sancto,
946 2243 1045 2307 34.
1095 2241 1182 2307 Et
1242 2260 1358 2323 ego
1409 2241 1560 2320 uidi,
1626 2245 1695 2306 et
1738 2241 2170 2307 testimonium
2218 2241 2532 2325 perhibui,
2583 2242 2881 2323 quoniam
2927 2240 3073 2321 ipse
3120 2245 3228 2305 est

612 2347 715 2409 dei
762 2344 935 2411 filius
979 2347 1245 2413 electus.
1335 2349 1438 2413 3³).
1491 2348 1757 2412 Postera
1802 2353 2017 2412 autem
2067 2347 2171 2411 die
2223 2348 2452 2412 iterum
2519 2347 2728 2411 stabat
2773 2345 3105 2411 Johannes
3149 2351 3216 2409 et

611 2452 735 2516 duo
804 2450 1099 2532 discipuli
1172 2452 1328 2516 eius,
1422 2454 1522 2518 36.
1572 2451 1661 2516 Et
1727 2453 1981 2516 intuens
2026 2451 2245 2517 Jesum
2309 2451 2737 2516 ambulantem
2787 2451 2985 2515 dixit:
3048 2450 3199 2513 Ecce

609 2574 809 2633 agnus
856 2555 977 2620 dei.
1055 2558 1155 2621 37.
1205 2557 1561 2621 Audierunt
1612 2559 1825 2621 autem
1872 2556 1997 2621 duo
2050 2556 2356 2639 discipuli
2410 2558 2549 2621 eius
2594 2555 2960 2636 loquentem
3007 2560 3078 2619 et
3114 2572 3198 2619 se·

609 2663 737 2727 cuti
783 2667 933 2728 sunt
980 2661 1225 2728 Jesum.
1291 2664 1390 2728 38.
1448 2661 1814 2728 Conuersus
1864 2670 2077 2727 autem
2124 2662 2336 2740 JeSUS,
2387 2663 2550 2727 uidit
2596 2678 2704 2726 eos
2753 2665 3104 2743 sequentes
3147 2677 3217 2723 se

609 2773 674 2834 et
741 2768 905 2833 dixit
971 2769 1094 2832 eis:
1170 2768 1327 2850 quid
1392 2769 1750 2851 quaeritis?
1841 2769 1964 2846 Qui
2008 2769 2306 2833 dixerunt
2350 2767 2438 2832 ei:
2490 2765 2692 2832 Rabbi
2754 2764 2954 2850 (quod
3017 2766 3219 2829 inter-

617 2877 944 2954 praetatur
976 2872 1328 2955 magister),
1376 2873 1484 2937 ubi
1528 2874 1795 2939 manes?
1839 2876 1942 2939 39.
1991 2874 2102 2939 Ait
2134 2874 2295 2939 illis:
2348 2874 2562 2937 uenite
2608 2874 2675 2936 et
2721 2871 2954 2936 uidete.
3003 2868 3220 2934 Uene·

613 2986 760 3044 runt
804 2984 1016 3043 autem
1043 2983 1107 3043 et
1155 2978 1475 3058 uiderunt,
1503 2979 1610 3043 ubi
1657 2983 1961 3063 maneret,
1998 2986 2062 3045 et
2095 2980 2263 3062 apud
2310 2999 2450 3044 eum
2498 2979 2870 3041 manserunt
2916 2974 3029 3040 illa
3079 2975 3219 3051 die;

615 3088 756 3147 erat
823 3084 990 3152 enim
1059 3081 1217 3154 hora
1264 3083 1520 3147 circiter
1584 3084 1847 3148 decima.
1942 3084 2046 3150 40.
2108 3085 2269 3148 Erat
2313 3084 2624 3161 Andreas,
2694 3081 2896 3146 frater
2939 3078 3222 3147 Simonis

622 3188 814 3269 Petri,
861 3204 1025 3251 unus
1071 3203 1150 3250 ex
1197 3186 1442 3252 duobus
1488 3188 1594 3268 qui
1642 3188 1981 3254 audierunt
2029 3189 2106 3253 ab
2154 3188 2448 3253 Johanne
2489 3194 2556 3252 et
2602 3187 2807 3251 secuti
2856 3189 3006 3251 sunt
3050 3204 3219 3249 eum.

615 3294 719 3356 41.
789 3291 1048 3356 Inuenit
1114 3296 1325 3356 autem
1392 3311 1574 3357 mane
1643 3291 1906 3358 fratrem
1958 3293 2272 3359 Simonem
2321 3297 2386 3359 et
2434 3292 2594 3357 dixit
2652 3290 2780 3356 illi:
2843 3291 3221 3355 Inuenimus

619 3395 938 3480 Messiam,
1011 3397 1182 3478 quod
1247 3400 1346 3460 est
1390 3398 1919 3480 interpraetatum
1969 3396 2281 3463 Christus.
2372 3400 2477 3467 42.
2529 3398 2811 3463 Adduxit
2875 3413 3025 3478 ergo
3070 3414 3219 3460 eum

619 3501 696 3565 ad
747 3500 993 3567 Jesum.
1065 3502 1328 3568 Intuens
1390 3506 1602 3567 autem
1647 3523 1787 3570 eum
1845 3503 2036 3569 Jesus
2083 3504 2276 3568 dixit:
2353 3504 2448 3567 Tu
2494 3521 2566 3568 es
2614 3502 2849 3582 Simon,
2894 3499 3061 3565 filius
3105 3500 3217 3565 Jo-

619 3606 886 3687 hannis;
968 3610 1039 3671 tu
1086 3608 1337 3672 uocaris
1387 3607 1658 3689 Cephas,
1706 3610 1876 3690 quod
1920 3609 2420 3691 interpraetatur
2465 3611 2711 3673 Petrus,
2803 3609 2908 3674 43.
2953 3606 3220 3672 Postera

619 3715 831 3776 autem
905 3712 1008 3777 die
1076 3712 1280 3777 uoluit
1337 3711 1653 3794 proficisci
1717 3716 1783 3777 in
1848 3713 2219 3793 Galilaeam,
2285 3719 2351 3779 et
2412 3713 2658 3778 inuenit
2701 3712 3093 3795 Philippum;
3147 3721 3218 3775 et

621 3817 778 3881 dicit
821 3817 914 3882 illi
961 3816 1186 3885 Jesus:
1238 3817 1518 3899 Sequere
1566 3838 1684 3884 me.
1733 3820 1837 3882 44.
1888 3820 2044 3884 Erat
2090 3824 2300 3883 autem
2349 3819 2642 3900 Filippus
2684 3838 2722 3883 a
2753 3816 3089 3892 Bedsaida‚
3135 3834 3217 3879 ex

604 3922 881 3987 ciuitate
930 3922 1220 3988 Andreae
1268 3929 1332 3988 et
1377 3922 1573 3987 Petri.
1664 3925 1769 3990 45.
1818 3924 2077 3988 Inuenit
2122 3928 2332 3988 autem
2393 3924 2686 4006 Filippus
2748 3920 3104 3987 Natanahel
3150 3928 3218 3985 et

623 4027 775 4093 dicit
842 4028 973 4092 illi:
1036 4047 1232 4110 -quem
1304 4028 1563 4093 scribsit
1626 4027 1884 4112 Moyses
1948 4028 2013 4091 in
2078 4028 2220 4109 lege
2280 4035 2346 4094 et
2405 4030 2772 4112 prophetae,
2831 4027 3212 4107 inuenimuS,

622 4132 847 4198 Jesum
894 4131 1091 4197 filium
1138 4132 1382 4215 Joseph
1431 4153 1467 4197 a
1513 4132 1857 4213 Nazareth.
1905 4134 2010 4197 40.
2061 4132 2239 4197 Dixit
2281 4133 2375 4198 illi
2424 4133 2765 4199 Natanael:
2815 4151 2853 4195 a
2896 4132 3213 4197 Nazareth

621 4242 838 4319 potest
882 4237 1123 4318 aliquid
1170 4237 1323 4302 boni
1369 4237 1561 4303 esse?
1610 4239 1717 4301 Ait
1764 4237 1858 4301 illi
1906 4237 2229 4319 Filippus:
2279 4240 2422 4303 ueni
2474 4244 2539 4304 et
2587 4239 2749 4303 uide.
2821 4238 2926 4301 47.
2980 4234 3216 4302 Uidens

602 4346 834 4406 autem
860 4341 1052 4406 Jesus
1096 4339 1408 4407 Natanael
1454 4343 1821 4406 uenientem
1869 4342 1950 4405 ad
1999 4360 2087 4421 se,
2138 4343 2298 4407 dixit
2343 4344 2425 4408 de
2472 4362 2583 4407 eo:
2634 4343 2801 4407 Ecce
2839 4360 2988 4405 uere
3023 4342 3209 4404 Istra-

621 4445 838 4524 helita,
889 4445 953 4510 in
1001 4464 1142 4527 quo»
1176 4446 1358 4512 dolus
1405 4466 1530 4512 non
1578 4451 1694 4513 est.
1765 4448 1867 4513 48.
1920 4445 2029 4512 Ait
2074 4447 2169 4512 illi
2215 4448 2563 4513 Natanael:
2612 4447 2801 4512 Unde
2851 4464 2949 4509 me
2994 4446 3213 4510 nosti?

619 4550 975 4631 Respondit
1015 4549 1202 4616 Jesus
1248 4555 1316 4615 et
1360 4552 1521 4617 dixit
1567 4552 1659 4616 ei:
1711 4553 2072 4633 Antequam
2105 4555 2169 4616 te
2201 4551 2494 4635 Filippus
2527 4563 2803 4629 uocaret,
2866 4569 3008 4614 cum
3043 4569 3212 4616 esses

626 4655 742 4719 sub
775 4655 1003 4721 arbore
1048 4653 1338 4737 ficulnea,
1387 4658 1536 4722 noui
1570 4661 1654 4722 te.
1705 4658 1807 4722 49.
1856 4658 2209 4738 Respondit
2255 4658 2315 4721 ei
2360 4655 2703 4721 Natanael:
2758 4655 2985 4732 Rabbi,
3033 4660 3099 4718 tu
3142 4675 3210 4720 es

630 4759 809 4844 filius·
845 4760 967 4842 dei,
1015 4766 1085 4826 tu
1120 4779 1189 4829 es
1222 4781 1330 4828 rex
1354 4761 1651 4830 Istrahel.
1699 4763 1802 4829 50.
1853 4761 2208 4845 Respondit
2252 4761 2446 4830 Jesus
2493 4768 2559 4828 et
2591 4760 2752 4827 dixit
2783 4761 2876 4826 ei:
2929 4760 3211 4844 quoniam
