3484 5617
348 516 408 573 O.
447 523 499 574 5.
1080 513 1444 587 Euangelium
1478 513 1778 572 secundum
1816 513 2173 572 Matthaeum.
2901 517 2945 585 5

349 734 447 796 13.
497 729 630 795 Uos
675 731 834 797 estis
881 729 973 795 sal
1024 780 1037 793 .
1089 781 1098 793 .
1155 780 1167 794 .
1211 729 1585 806 euanuerit,
1648 730 1713 793 10
1762 747 1885 810 quo
1932 728 2242 794 salietur?
2306 728 2385 794 ad
2431 727 2701 795 nihilum
2748 729 2945 807 ualet,

344 836 467 901 nisi
515 840 586 900 111
628 836 920 902 mittatur
966 834 1124 900 foris
1170 838 1236 898 et
1279 834 1693 899 conculcetur
1737 833 1816 897 ab
1856 834 2234 901 hominibus,
2316 835 2413 900 14.
2462 833 2600 900 Uos
2631 834 2787 900 estis
2828 834 2943 898 lux

343 941 532 1005 huius
599 941 837 1005 mundi.
929 938 1070 1003 Non
1138 943 1354 1021 potest
1423 939 1650 1004 ciuitas
1717 957 1911 1020 supra
1987 944 2263 1005 montem
2335 940 2542 1020 posita
2611 939 2936 1004 abscondi.

350 1048 447 1111 15.
494 1046 718 1127 Neque
766 1044 1125 1109 accendunt
1183 1044 1506 1110 lucernam
1551 1047 1617 1108 et
1660 1048 1907 1125 ponunt
1952 1062 2090 1108 eam
2136 1043 2253 1109 sub
2297 1043 2530 1122 modio,
2584 1043 2698 1109 sed
2744 1061 2942 1125 supra

347 1149 818 1227 candelabrum,
886 1152 959 1213 ut
1003 1149 1214 1214 luceat
1260 1147 1569 1223 omnibus,
1641 1149 1751 1230 qui
1812 1149 1874 1213 10
1924 1148 2108 1213 110100
2170 1152 2339 1213 sunt.
2437 1149 2532 1213 16.
2585 1147 2689 1213 Sic
2732 1146 2950 1213 luceat

345 1255 454 1318 lux
499 1260 722 1319 uestra
766 1272 976 1318 coram
1025 1252 1402 1332 hominibus,
1450 1256 1524 1317 ut
1567 1254 1831 1318 uideant
1875 1272 2072 1335 opera
2115 1259 2336 1318 uestra
2366 1253 2551 1331 bona,
2597 1255 2663 1317 et
2707 1253 2945 1333 magni·

346 1357 538 1423 66601
583 1364 826 1441 patrem
872 1361 1176 1442 uestrum,
1227 1358 1335 1439 qui
1384 1361 1485 1422 est
1529 1358 1595 1422 in
1645 1357 1858 1423 caelis,
1936 1358 2032 1421 17.
2080 1356 2294 1422 Nolite
2334 1361 2557 1438 putare
2605 1357 2756 1437 quia
2798 1358 2947 1422 ueni

345 1463 594 1529 soluere
620 1463 827 1545 legem
859 1466 969 1527 aut
998 1461 1381 1545 prophetas;
1436 1481 1561 1527 000
1594 1463 1742 1526 ueni
1775 1462 2028 1528 soluere
2061 1463 2173 1527 sed
2204 1460 2569 1543 adimplere.
2608 1462 2708 1526 18.
2743 1461 2946 1526 Amen

345 1568 484 1634 dico
529 1568 744 1634 uobis:
813 1568 1012 1631 donec
1057 1570 1343 1632 transeat
1377 1566 1619 1631 caelum
1665 1577 1730 1631 et
1761 1571 1953 1649 terra,
2001 1568 2134 1631 iota
2167 1585 2361 1630 unum
2407 1565 2512 1629 uel
2561 1584 2728 1631 unus
2774 1583 2939 1647 apex

344 1692 469 1737 non
513 1672 893 1754 praeteribit
939 1691 977 1735 a
1021 1671 1163 1751 lege
1210 1672 1412 1736 donec
1443 1670 1657 1735 omnia
1703 1668 1882 1735 fiant.
1934 1671 2032 1736 19.
2082 1670 2206 1747 Qui
2238 1670 2406 1736 60110
2438 1669 2708 1735 30106111
2751 1689 2946 1735 unum

344 1776 424 1841 de
470 1777 788 1842 mandatis
833 1777 976 1842 istis
1023 1776 1298 1841 minimis
1349 1781 1415 1841 61
1461 1776 1751 1841 docuerit
1795 1776 1889 1841 sic
1926 1775 2238 1855 110101063,
2284 1775 2585 1841 1010110113
2616 1775 2949 1841 uocabitur

346 1883 408 1946 in
471 1900 667 1962 regno
731 1880 1083 1963 caelorum3
1162 1880 1269 1962 qui
1335 1884 1543 1945 autem
1609 1879 1839 1945 fecerit
1891 1884 1957 1944 61
2004 1879 2295 1945 docuerit
2339 1881 2453 1960 sic,
2515 1880 2622 1946 hic
2679 1898 2947 1963 magnus

345 1985 678 2050 uocabitur
725 1985 789 2047 in
836 2002 1030 2066 regno
1076 1983 1413 2049 caelorum.
1486 1986 1585 2051 20.
1648 1984 1812 2049 Dico
1858 1988 2073 2050 autem
2120 1984 2323 2062 1101113,
2387 1986 2539 2066 quia
2582 1986 2708 2051 nisi
2753 1984 2948 2050 abun·

346 2091 593 2155 dauerit
649 2090 899 2155 iustitia
956 2094 1173 2155 uestra
1217 2088 1362 2170 plus
1410 2108 1597 2170 quam
1644 2090 2001 2155 scribarum
2048 2094 2115 2154 61
2158 2089 2617 2171 phariseorum,
2679 2108 2806 2155 non
2850 2089 2946 2153 in·

343 2193 599 2260 trahitis
645 2193 709 2258 in
756 2213 1016 2275 regnum
1086 2194 1420 2259 caelorum.
1492 2196 1594 2259 21.
1646 2195 1936 2261 Audistis
1984 2195 2135 2277 quia
2180 2194 2417 2260 dictum
2483 2199 2585 2260 631
2629 2195 2946 2276 antiquis:

343 2299 482 2364 Non
530 2298 800 2380 occides,
862 2300 971 2382 qui
1018 2305 1227 2366 autem
1275 2300 1600 2384 occiderit,
1667 2319 1816 2367 reus
1877 2302 2003 2365 erit
2045 2298 2301 2365 iudicio.
2392 2300 2494 2364 22.
2544 2298 2687 2382 Ego
2734 2304 2949 2364 autem

343 2404 486 2470 dico
534 2403 750 2470 uobis:
810 2405 978 2485 quod
1039 2405 1243 2470 omnis
1292 2404 1402 2486 qui
1448 2406 1748 2471 irascitur
1793 2404 1981 2469 fratri
2028 2423 2142 2470 suo
2189 2403 2328 2470 sine
2374 2414 2584 2484 causa,
2632 2421 2781 2469 reus
2826 2404 2951 2469 erit

344 2509 600 2573 iudicio,
680 2508 801 2585 Qui
853 2513 1063 2574 autem
1113 2510 1351 2574 dixerit
1395 2509 1583 2575 fratri
1630 2529 1778 2575 suo:
1826 2510 2041 2589 racha,
2105 2529 2253 2576 16113
2298 2511 2422 2573 6111
2468 2508 2768 2588 6006111ος
2838 2508 2948 2590 qui

345 2619 552 2679 autem
589 2614 851 2678 dixerit:
909 2613 1149 2696 fatuae,
1210 2633 1357 2680 reus
1406 2617 1527 2680 erit
1586 2618 1914 2697 gehennae
1960 2616 2143 2697 ignis.
2237 2614 2339 2679 23.
2405 2614 2472 2680 Si
2518 2631 2670 2695 ergo
2718 2613 2946 2680 offeres

344 2738 570 2784 munus
593 2722 772 2782 tuum
805 2719 886 2782 ad
919 2719 1141 2797 altare,
1169 2726 1234 2785 61
1263 2720 1350 2783 ibi
1388 2724 1849 2785 rememoratus
1896 2719 2112 2802 fueris,
2162 2720 2312 2800 quia
2341 2717 2545 2782 frater
2575 2723 2725 2783 tuus
2748 2718 2949 2784 habet

346 2822 587 2903 aliquid
632 2824 974 2887 aduersum
1022 2829 1104 2901 te,
1152 2824 1255 2889 24.
1302 2824 1593 2906 relinque
1634 2825 1722 2889 ibi
1761 2843 1989 2888 munus
2029 2828 2209 2888 tuum
2242 2829 2389 2888 ante
2424 2823 2644 2906 altare,
2687 2826 2753 2890 61
2782 2824 2948 2890 uade

342 2929 524 3007 prius
559 2927 975 2992 reconciliare
997 2925 1180 2992 fratri
1216 2931 1324 2992 tuo
1350 2933 1416 2993 et
1447 2934 1596 2993 tunc
1621 2930 1886 2993 ueniens
1911 2926 2105 2994 offers
2128 2946 2356 2993 munus
2393 2932 2592 2993 tuum.
2642 2929 2747 2994 25.
2794 2928 2946 2993 Esto

344 3032 746 3097 consentiens
771 3031 1142 3097 aduersario
1175 3036 1286 3097 tuo
1319 3034 1446 3097 cito
1478 3052 1620 3098 cum
1654 3051 1723 3097 es
1759 3051 1897 3097 cum
1928 3033 2040 3097 illo
2070 3034 2134 3098 in
2167 3033 2291 3110 uia,
2342 3051 2423 3097 06
2453 3032 2618 3097 forte
2642 3034 2854 3098 tradat
2883 3037 2949 3097 te

343 3135 750 3201 aduersarius
774 3135 991 3215 iudici,
1012 3141 1082 3200 et
1103 3137 1291 3201 iudex
1317 3138 1534 3202 tradat
1561 3143 1623 3202 te
1650 3138 1962 3218 ministro,
1989 3138 2141 3201 6110
2182 3154 2499 3201 carcerem
2526 3135 2819 3202 mittaris.
2841 3140 2945 3204 26.

342 3242 542 3305 Α1060
578 3240 892 3328 dicotibi:
943 3258 1067 3305 non
1093 3242 1267 3306 exies
1292 3240 1439 3305 inde
1467 3242 1671 3306 110066
1694 3243 1927 3307 reddas
1951 3260 2152 3323 usque
2180 3241 2263 3306 ad
2294 3240 2709 3307 nobissimum
2742 3242 2944 3323 quad-

342 3349 608 3410 rantem.
644 3348 746 3412 27.
795 3345 1089 3412 Audistis
1123 3347 1273 3427 quia
1318 3347 1556 3411 dictum
1590 3350 1718 3412 est:
1768 3365 1894 3411 non
1939 3347 2394 3412 moechaberis.
2428 3347 2530 3412 28.
2565 3346 2704 3426 Ego
2736 3352 2948 3413 autem

338 3450 478 3515 dico
511 3451 726 3515 uobis:
775 3450 1073 3531 quoniam
1121 3469 1361 3535 010063,
1412 3451 1520 3531 qui
1551 3451 1795 3515 uiderit
1840 3452 2171 3516 mulierem
2216 3451 2299 3516 ad
2346 3450 2925 3533 concupiscendum

340 3573 501 3633 eam,
535 3554 665 3618 iam
713 3555 1086 3620 moechatus
1111 3560 1212 3621 est
1234 3574 1371 3620 eam
1400 3556 1464 3620 in
1489 3553 1680 3620 corde
1706 3573 1838 3620 suo.
1870 3558 1971 3621 29.
2001 3556 2185 3633 Quod
2216 3556 2272 3621 si
2304 3556 2525 3622 oculus
2549 3560 2698 3622 tuus
2723 3556 2946 3621 dexter

340 3659 738 3725 scandalizat
784 3664 868 3738 te,
932 3679 1082 3725 erue
1130 3679 1274 3724 eum
1321 3665 1386 3725 et
1432 3661 1649 3742 proice
1695 3662 1809 3725 abs
1856 3666 1954 3739 16;
2004 3663 2265 3741 expedit
2309 3661 2477 3724 enim
2522 3659 2640 3725 tibi
2688 3666 2760 3726 ut
2804 3677 2947 3743 per-

342 3768 449 3829 eat
491 3783 685 3830 unum
735 3764 1157 3830 membrorum
1202 3771 1474 3846 tuorum,
1520 3784 1710 3847 quam
1758 3767 1928 3846 quod
1974 3783 2204 3847 corpus
2256 3771 2434 3830 tuum
2482 3770 2685 3830 totum
2730 3769 2836 3829 eat
2882 3767 2946 3830 10

342 3867 710 3949 gehennam.
758 3871 862 3935 30.
909 3869 997 3934 Et
1026 3871 1080 3934 si
1113 3870 1375 3935 dextera
1406 3889 1629 3935 manus
1676 3876 1788 3935 tua
1833 3870 2226 3935 scandalizat
2255 3876 2340 3948 te,
2389 3871 2649 3936 abscide
2695 3888 2835 3935 eam
2881 3875 2946 3935 et

339 3973 557 4053 proice
604 3971 719 4039 abs
765 3981 861 4053 te;
911 3976 1168 4057 expedit
1215 3975 1385 4040 enim
1428 3974 1546 4040 tibi
1599 3980 1666 4039 ut
1696 3980 1925 4056 pereat
1962 3995 2158 4039 unum
2204 3975 2624 4040 membrorum
2672 3980 2945 4049 tuorum,

340 4097 529 4160 quam
593 4084 794 4145 totum
845 4098 1074 4162 corpus
1119 4086 1299 4146 tuum
1361 4086 1465 4146 eat
1517 4082 1582 4145 in
1628 4080 2003 4161 gehennam.
2097 4084 2199 4147 31.
2249 4080 2503 4144 Dictum
2553 4083 2653 4144 est
2698 4083 2944 4145 autem:

342 4184 727 4265 quicumque
795 4184 1109 4251 dimiserit
1157 4204 1419 4250 uxorem
1466 4203 1666 4266 suam,
1715 4186 1824 4251 det
1870 4185 1965 4250 illi
1995 4184 2349 4267 repudium.
2398 4186 2501 4250 32.
2549 4184 2687 4265 Ego
2733 4189 2948 4252 autem

341 4289 488 4354 dico
535 4289 752 4356 uobis:
810 4291 1194 4372 quicumque
1255 4291 1569 4356 dimiserit
1608 4308 1868 4355 uxorem
1936 4308 2135 4373 suam,
2198 4294 2464 4370 excepta
2511 4308 2704 4355 causa
2748 4286 2946 4354 forni-

341 4394 632 4469 cationis,
665 4393 817 4460 facit
848 4414 989 4460 eam
1037 4395 1377 4461 moechari.
1411 4398 1514 4462 33.
1563 4396 1802 4459 Iterum
1848 4395 2120 4461 audistis
2165 4393 2317 4475 quia
2362 4393 2605 4459 dictum
2650 4398 2750 4459 est
2782 4394 2946 4459 anti·

337 4500 527 4581 quis:
569 4499 711 4564 Non
760 4501 1138 4583 periurabis,
1185 4501 1419 4567 reddes
1469 4504 1680 4563 autem
1729 4500 1983 4564 domino
2030 4500 2387 4563 iuramenta
2431 4503 2561 4564 tua.
2654 4498 2758 4564 34.
2804 4498 2945 4580 Ego

340 4609 557 4669 autem
603 4604 746 4671 dico
795 4605 1013 4672 uobis:
1092 4627 1217 4672 non
1280 4625 1405 4672 000
1460 4604 1675 4668 iurare
1722 4604 1998 4678 omnino,
2064 4621 2271 4683 neque
2332 4622 2448 4685 per
2506 4602 2751 4669 caelum
2797 4603 2947 4684 quia

343 4706 606 4774 thronus
653 4710 756 4775 dei
803 4717 942 4789 631;
989 4711 1094 4777 35.
1144 4689 1351 4792 neque
1400 4727 1516 4791 per
1544 4712 1785 4772 terram
1817 4707 1966 4787 quia
1998 4707 2332 4773 scabillum
2360 4712 2462 4772 est
2505 4707 2735 4788 pedum
2782 4709 2944 4787 61113,

339 4829 551 4893 neque
593 4833 707 4895 per
751 4814 1282 4896 Hierosolymam,
1335 4814 1483 4895 quia
1517 4811 1751 4877 ciuitas
1797 4815 1897 4877 est
1936 4811 2147 4893 magni
2192 4812 2383 4895 regis,
2429 4814 2531 4877 36.
2580 4830 2786 4893 neque
2829 4829 2946 4892 per
