3484 5617
374 495 442 550 C.
480 491 564 550 1‘2.
1126 490 1491 559 Euangelium
1529 490 1831 545 secundum
1867 491 2226 546 Matthaeum.
2910 491 2990 557 15

390 709 541 791 quid
590 705 814 772 fecerit
846 705 1080 782 Dauid,
1131 722 1270 769 cum
1321 704 1596 768 esuriret
1640 704 1781 784 ipse
1827 707 1892 767 et
1940 701 2049 783 qui
2098 720 2238 766 cum
2298 701 2408 767 illo
2455 706 2658 781 erant,
2705 702 2764 765 4.
2836 699 2986 783 quo'-

383 813 572 879 modo
619 810 923 875 introiuit
967 808 1031 873 in
1080 808 1332 874 domum
1381 808 1486 873 dei
1532 813 1598 873 et
1643 826 1840 889 panes
1873 806 2329 891 propositionis
2362 805 2788 888 manducabit,
2813 795 2988 887 *quod

387 936 513 983 non
559 916 805 982 licebat
846 916 942 982 eis
987 914 1373 979 manducare
1419 931 1627 994 neque
1671 911 1774 977 his
1820 913 1930 995 qui
1978 931 2122 979 cum
2186 912 2295 977 illo
2365 916 2566 991 erant,
2639 910 2764 975 nisi
2835 909 2987 974 solis

390 1019 882 1088 sacerdotibus?
973 1019 1030 1083 5.
1084 1020 1210 1083 Aut
1278 1037 1400 1083 non
1467 1017 1718 1099 legistis
1765 1017 1831 1081 in
1875 1017 2039 1098 lege,
2089 1018 2240 1100 quia
2287 1016 2586 1082 sabbatis
2622 1014 2989 1082 sacerdotes

389 1130 454 1192 in
501 1125 740 1207 templo
788 1123 1122 1190 sabbatum
1167 1123 1410 1188 uiolant
1471 1127 1533 1187 et
1601 1123 1738 1186 sine
1806 1122 2066 1186 crimine
2130 1122 2325 1186 sunt?
2415 1125 2476 1188 6.
2547 1119 2706 1185 Dico
2777 1122 2987 1183 autem

391 1231 596 1313 uobis,
643 1230 795 1312 quia
840 1228 1104 1294 sabbato
1147 1227 1347 1293 maior
1394 1232 1493 1293 est
1540 1228 1659 1293 hic.
1709 1229 1765 1292 7.
1816 1227 1883 1293 Si
1930 1227 2097 1292 enim
2147 1226 2395 1292 sciretis
2457 1227 2608 1309 quid
2656 1230 2789 1291 est:
2862 1223 2981 1288 Mi-

396 1335 807 1403 sericordiam
855 1334 1020 1412 u010,
1085 1351 1276 1415 quam
1340 1332 1740 1410 sacrificium,
1794 1351 2128 1414 numquam
2202 1330 2742 1398 condemnassetis
2812 1330 2991 1394 inno·

397 1447 632 1506 centes.
682 1442 740 1506 8.
791 1439 1098 1505 Dominus
1143 1443 1243 1505 est
1290 1441 1455 1503 enim
1505 1437 1753 1504 sabbati
1801 1437 1969 1503 filins
2015 1437 2306 1502 hominis.
2356 1438 2415 1502 9.
2462 1437 2549 1501 Et
2594 1435 2741 1502 inde
2788 1439 2992 1499 trans-

397 1546 536 1612 iens
583 1543 760 1609 uenit
805 1544 868 1607 in
917 1561 1298 1625 synagogam
1362 1561 1604 1607 eorum.
1704 1544 1801 1609 10.
1850 1543 1937 1608 Et
1981 1560 2128 1607 ecce
2173 1540 2358 1608 homo
2406 1548 2545 1606 erat
2590 1558 2838 1604 manum
2884 1540 2992 1603 ha-

395 1651 556 1715 bens
601 1647 863 1728 aridam,
912 1655 978 1712 et
1024 1648 1503 1730 interrogabant
1548 1666 1691 1712 eum
1740 1648 2058 1712 dicentes:
2109 1648 2164 1711 si
2197 1645 2351 1712 licet
2394 1646 2675 1711 sabbatis
2722 1643 2994 1710 curare?

396 1760 470 1819 ut
516 1758 892 1819 accusarent
936 1771 1098 1817 eum.
1170 1755 1265 1817 11.
1316 1753 1465 1834 Ipse
1510 1757 1722 1817 autem
1772 1753 1935 1817 dixit
1981 1751 2145 1817 illis:
2216 1752 2358 1833 quis
2403 1771 2481 1816 ex
2549 1751 2731 1816 uobis
2799 1748 2993 1813 habet

396 1879 577 1925 ouem
620 1874 811 1923 unam
858 1863 925 1923 et
971 1857 1273 1922 ceciderit
1317 1858 1380 1922 in
1426 1856 1670 1924 fobeam
1721 1857 2002 1923 sabbatis
2049 1875 2147 1939 ea,
2211 1876 2335 1921 non
2405 1856 2652 1923 tenebit
2717 1874 2858 1919 eam
2928 1858 2993 1919 et

397 1963 688 2029 leuabit?
740 1965 836 2027 12.
891 1963 1142 2050 Quanto
1189 1965 1393 2045 magis
1453 1963 1680 2027 melior
1729 1968 1829 2029 est
1874 1963 2063 2029 homo
2110 1962 2278 2027 oue?
2350 1964 2565 2045 itaque
2634 1961 2787 2026 licet
2856 1958 2997 2024 sab-

394 2070 561 2134 batis
605 2066 1033 2133 benefacere?
1088 2071 1183 2133 13.
1231 2067 1406 2131 Tunc
1451 2069 1544 2132 ait
1587 2067 1859 2133 homini:
1910 2067 2185 2132 extende
2232 2086 2482 2132 manum
2530 2071 2725 2132 tuam.
2773 2065 2860 2131 Et
2891 2085 2995 2129 ex-

392 2174 601 2239 tendit
645 2191 897 2237 manum
948 2190 1125 2236 suam
1174 2180 1241 2236 et
1283 2173 1580 2238 restituta
1625 2178 1723 2238 est
1771 2174 1832 2237 ei
1881 2173 2046 2238 sicut
2090 2172 2318 2238 altera.
2399 2173 2499 2239 14.
2550 2172 2639 2236 Et
2682 2173 2994 2236 exeuntes

398 2278 733 2345 Pharisaei
769 2277 1107 2343 consilium
1152 2276 1475 2343 faciebant
1507 2279 1818 2344 aduersus
1844 2298 2010 2357 eum,
2043 2284 2114 2343 ut
2146 2298 2290 2343 eum
2323 2278 2685 2361 perderent.
2739 2276 2836 2343 15.
2885 2273 2927 2340 J
2932 2293 2992 2339 e·

396 2399 506 2449 sus
541 2389 752 2449 autem
802 2383 1011 2449 sciens
1057 2382 1323 2449 secessit
1370 2384 1539 2463 inde,
1600 2389 1665 2449 et
1711 2384 2143 2466 sequebantur
2188 2403 2329 2450 eum
2387 2383 2595 2468 multi,
2642 2387 2710 2447 et
2741 2380 2995 2447 curauit

397 2508 531 2556 eos,
628 2490 724 2554 16.
775 2485 1013 2553 Omnes
1075 2493 1288 2553 autem
1353 2507 1511 2571 quos
1557 2490 1816 2555 curauit
1879 2489 2209 2572 praecepit
2253 2490 2348 2554 eis
2408 2507 2488 2552 ne
2552 2486 3001 2570 peruulgarent

400 2594 600 2677 illum,
698 2594 796 2658 17.
869 2597 941 2657 ut
989 2592 1449 2676 adimpleretur
1511 2594 1680 2677 quod
1728 2595 1967 2659 dictum
2014 2599 2114 2660 est
2159 2613 2277 2676 per
2322 2594 2579 2661 Eseiam
2626 2591 2998 2675 prophetam

399 2700 745 2764 dicentem:
802 2700 896 2764 18.
933 2698 1101 2763 Ecce
1133 2716 1294 2780 puer
1326 2716 1506 2766 meus
1553 2716 1741 2780 quem
1792 2698 1976 2781 elegi,
2028 2699 2299 2764 dilectus
2343 2716 2525 2764 meus
2574 2700 2633 2763 in
2684 2715 2806 2779 quo
2838 2695 3002 2761 bene

402 2804 643 2885 placuit
690 2803 896 2868 anima
941 2822 1122 2881 mea;
1194 2821 1423 2887 ponam
1496 2801 1787 2885 spiritum
1853 2823 2058 2869 meum
2110 2823 2303 2886 super
2349 2823 2512 2884 eum,
2583 2808 2649 2868 et
2693 2801 2997 2867 iudicium

406 2910 700 2991 gentibus
747 2908 1168 2975 adnuntiabit.
1223 2909 1320 2973 19.
1369 2909 1508 2973 Nou
1558 2909 1922 2993 contendet,
1985 2927 2188 2991 neque
2235 2910 2554 2988 clamabit,
2617 2926 2826 2991 neque
2888 2909 2996 2973 au‘·

403 3014 537 3079 diet
581 3013 810 3095 aliquis
858 3016 921 3080 in
966 3014 1203 3096 plateis
1251 3017 1659 3093 uocemeius‚
1709 3016 1812 3081 20.
1856 3016 2227 3081 arundinem
2275 3020 2638 3097 quassatam
2681 3032 2809 3078 non
2856 3031 2999 3078 con-

399 3120 653 3203 fringet,
724 3123 788 3185 et
849 3118 1044 3185 linum
1090 3119 1513 3201 fumigantem
1561 3138 1685 3185 non
1732 3120 2083 3204 extinguet,
2145 3121 2342 3188 donec
2413 3122 2606 3187 eiciat
2664 3115 2999 3184 uictoriam

399 3225 480 3290 ad
527 3223 855 3305 iudicium,
906 3226 1008 3290 21.
1056 3230 1123 3289 et
1169 3226 1233 3289 in
1268 3226 1521 3291 nomine
1554 3225 1693 3291 eius
1724 3228 1951 3307 gentes
1985 3227 2351 3309 sperabunt.
2401 3228 2502 3292 22.
2550 3226 2727 3291 Tunc
2752 3223 3001 3288 oblatus

398 3334 494 3395 est
540 3330 598 3394 ei
646 3331 833 3395 homo
881 3330 1282 3395 daemonium
1328 3331 1592 3411 habens,
1642 3350 1891 3411 cachS,
1940 3338 2154 3398 mutus
2204 3338 2269 3397 et
2315 3333 2565 3405 surdus,
2614 3335 2677 3396 et
2751 3326 3003 3394 curauit

398 3454 563 3519 eum,
655 3436 746 3499 ita
816 3438 885 3498 ut
953 3434 1324 3516 loqueretur
1388 3441 1453 3500 et
1527 3437 1780 3502 uideret
1853 3441 1918 3502 et
1992 3437 2268 3503 audiret.
2358 3438 2462 3504 23.
2527 3437 2615 3501 Et
2659 3434 3003 3517 stupebant

400 3558 619 3605 omnes
665 3539 893 3604 turbae
939 3543 1004 3602 et
1052 3539 1382 3606 dicebant:
1431 3542 1740 3623 numquid
1787 3542 1891 3606 hic
1939 3547 2037 3607 est
2083 3541 2252 3607 filius
2301 3542 2565 3606 Dauid?
2627 3542 2727 3605 24.
2781 3538 3000 3602 Phari-

403 3643 538 3709 saei
614 3648 826 3707 autem
904 3644 1237 3710 audientes
1298 3646 1635 3712 dixerunt:
1729 3647 1834 3713 hic
1905 3666 2029 3712 non
2115 3648 2265 3714 eicit
2333 3648 2673 3713 daemones
2743 3641 2865 3709 nisi
2936 3643 3000 3707 in

402 3744 716 3825 belzebul,
764 3746 1115 3827 principem
1173 3747 1665 3814 daemoniorum.
1716 3753 1818 3817 25.
1868 3751 2060 3818 Jesus
2101 3758 2310 3818 autem
2342 3755 2551 3819 sciens
2584 3750 3001 3834 cogitationes

408 3869 625 3917 eorum
700 3850 859 3916 dixit
906 3851 1035 3916 eis:
1104 3850 1307 3916 Omne
1373 3870 1636 3933 regnum
1706 3855 1981 3922 diuisum
2053 3863 2274 3924 contra
2342 3878 2411 3924 se
2480 3857 2887 3935 desolabitur,
2935 3857 3002 3919 et

403 3956 605 4021 omnis
673 3957 902 4024 ciuitas
963 3955 1067 4020 uel
1138 3957 1360 4025 domus
1421 3959 1630 4026 diuisa
1687 3966 1909 4027 contra
1970 3983 2039 4028 se
2102 3983 2225 4029 non
2272 3964 2489 4029 stabit.
2568 3966 2670 4030 26.
2718 3961 2785 4027 Si
2832 3960 2995 4025 enim

407 4065 671 4126 satanas
718 4066 981 4128 satanan
1049 4063 1219 4142 eicit,
1288 4064 1599 4130 aduersus
1647 4085 1718 4131 se
1766 4069 2011 4134 diuisus
2056 4073 2188 4150 est3
2237 4068 2549 4150 quomodo
2611 4086 2758 4149 ergo
2805 4065 3002 4132 stabit

400 4186 664 4249 regnum
714 4168 872 4232 eius.
921 4170 1023 4234 27.
1053 4169 1234 4246 Quod
1267 4171 1321 4235 si
1350 4190 1465 4254 ego
1508 4172 1570 4235 in
1605 4172 1892 4240 belzebul
1941 4174 2103 4239 eicio
2153 4174 2500 4253 daemonia,
2552 4172 2639 4238 fili
2685 4170 2886 4237 uestri
2933 4170 2997 4234 in

405 4291 529 4354 quo
577 4273 863 4338 eiciunt?
954 4273 1106 4338 Ideo
1156 4273 1280 4355 ipsi
1326 4275 1571 4341 iudices
1619 4282 1815 4345 erunt·
1860 4280 2081 4344 uestri.
2133 4282 2235 4345 28.
2280 4276 2345 4343 Si
2392 4281 2604 4343 autem
2655 4278 2718 4341 in
2766 4277 2998 4359 spiritu

401 4377 501 4443 dei
550 4377 712 4443 eicio
761 4378 1112 4462 daemonia,
1178 4379 1398 4460 utique
1462 4383 1872 4465 adpropiauit
1920 4384 1983 4447 in
2031 4403 2146 4449 nos
2194 4403 2457 4466 regnum
2509 4382 2630 4448 dei.
2723 4383 2825 4446 29.
2874 4380 3005 4444 Aut

408 4484 721 4563 quomodo
789 4489 1003 4566 potest
1071 4485 1212 4566 quis
1260 4484 1502 4550 intrare
1549 4488 1612 4552 in
1665 4487 1918 4552 domum
1986 4489 2173 4554 fortis
2222 4496 2285 4554 et
2319 4508 2471 4554 uasa
2520 4490 2659 4555 eius
2705 4487 3002 4568 diripere,

398 4587 523 4653 nisi
570 4589 750 4670 prius
819 4589 1027 4671 ipsum
1103 4588 1469 4671 alligaberit
1533 4589 1808 4658 fortem?
1872 4599 1936 4658 et
1982 4599 2138 4659 tunc
2199 4594 2447 4659 domum
2496 4594 2670 4659 illius
2718 4591 2996 4675 diripiet.

404 4692 505 4757 30.
554 4693 710 4770 Quis
758 4712 881 4758 non
930 4699 1030 4759 est
1073 4713 1341 4779 mecum,
1390 4702 1613 4762 contra
1657 4717 1758 4763 me
1803 4705 1921 4777 est,
1971 4704 2037 4763 et
2082 4700 2192 4781 qui
2221 4721 2342 4765 non
2367 4706 2711 4780 congregat
2734 4715 2995 4770 mecum,

406 4794 731 4879 dispargit.
778 4798 882 4864 31.
931 4798 1083 4863 Ideo
1132 4799 1274 4863 dico
1324 4799 1539 4865 uobis:
1589 4797 1795 4864 Omne
1841 4805 2171 4884 peccatum
2220 4807 2284 4868 et
2328 4802 2723 4884 blasphemia
2781 4801 3001 4867 remit-
