3484 5617
542 509 666 575 106
1316 500 1680 573 Euangelium
1720 501 2021 558 secundum
2060 502 2357 558 Lucanum.
2960 502 3015 559 C,
3057 506 3138 559 15,

536 716 659 782 mei
709 716 1039 781 abundant
1088 715 1380 796 panibus,
1431 736 1547 798 ego
1593 723 1806 782 autem
1856 716 1959 781 hic
1982 715 2149 781 fame
2198 735 2409 798 pereo.
2464 719 2561 783 18.
2612 717 2875 799 Surgam
2926 723 2990 783 et
3034 718 3138 783 ibo

535 823 615 888 ad
665 826 911 904 patrem
960 840 1169 885 meum
1238 828 1305 887 et
1350 821 1558 887 dicam
1606 822 1745 885 illi:
1818 828 2019 902 pater,
2089 822 2351 903 peccaui
2397 824 2463 887 in
2511 822 2760 888 caelum
2811 827 2878 887 et
2924 840 3140 887 coram

530 931 629 1004 te3
730 926 822 990 19.
872 927 995 990 iam
1062 945 1186 990 non
1234 945 1371 991 sum
1419 925 1649 1007 dignus
1711 927 1931 991 uocari
1993 924 2165 991 filius
2229 932 2402 1008 tuus,
2467 928 2581 991 sed
2653 927 2758 992 fac
2824 946 2927 992 me
2972 927 3142 992 sicut

531 1050 724 1097 unum
772 1031 1358 1096 mercennariorum
1406 1037 1682 1097 tuorum.
1717 1032 1819 1097 20.
1846 1031 1933 1096 Et
1958 1049 2251 1114 surgenS,
2297 1033 2479 1097 uenit
2523 1032 2602 1097 ad
2629 1035 2877 1114 patrem
2925 1050 3134 1097 suum.

536 1134 695 1202 Cum
741 1141 956 1201 autem
1003 1135 1212 1201 adhuc
1254 1135 1444 1218 longe
1489 1136 1766 1212 abesset,
1814 1136 1981 1201 uidit
2025 1136 2205 1201 illum
2277 1141 2458 1218 pater
2501 1139 2723 1218 ipsius,
2771 1141 2839 1201 et
2882 1137 3128 1201 miseri-

541 1241 761 1307 cordia
804 1246 1016 1306 motus
1062 1245 1180 1324 est,
1230 1246 1295 1305 et
1320 1242 1669 1306 adcurrens
1716 1240 1950 1304 cecidit
1996 1259 2190 1323 supra
2235 1241 2467 1306 collum
2514 1242 2651 1306 eius
2695 1246 2763 1305 et
2808 1241 3138 1307 osculatus

534 1350 634 1412 est
679 1346 881 1410 illum.
976 1350 1079 1412 2l.
1131 1347 1311 1412 Dixit
1378 1351 1591 1412 autem
1638 1344 1698 1411 ei
1744 1343 1916 1411 filius
1964 1346 2135 1411 eius:
2200 1349 2404 1428 pater,
2470 1346 2734 1428 peccaui
2780 1347 2844 1410 in
2894 1346 3137 1411 caelum

534 1456 600 1517 et
646 1452 709 1516 in
759 1456 861 1530 te;
933 1452 1057 1516 iam
1104 1470 1229 1515 non
1299 1470 1436 1516 sum
1487 1451 1719 1532 dignus
1788 1451 2009 1515 uocari
2057 1449 2229 1516 filius
2292 1456 2462 1516 tuuS.
2554 1453 2654 1514 22.
2706 1451 2882 1515 Dixit
2925 1455 3138 1516 autem

535 1560 724 1637 pater
769 1557 909 1620 eius
957 1556 1037 1619 ad
1084 1573 1308 1620 seruos
1356 1574 1538 1621 suos:
1591 1553 1760 1621 -Cito
1808 1554 2089 1637 proferte
2152 1555 2308 1620 mihi
2355 1555 2584 1621 stolam
2646 1555 2820 1620 illam
2866 1555 3136 1637 primam

537 1666 604 1726 et
650 1660 903 1726 induite
948 1661 1147 1740 illum,
1198 1666 1264 1726 et
1307 1662 1456 1726 date
1500 1661 1760 1726 anulum
1808 1663 1869 1725 in
1904 1680 2092 1726 manu
2139 1662 2278 1727 eius
2324 1666 2389 1726 et
2435 1662 2849 1726 calciamenta
2913 1661 2980 1725 in
3026 1677 3138 1740 pe-

535 1766 721 1832 dibus
769 1766 945 1846 eius;
995 1768 1098 1830 23.
1147 1771 1212 1831 et
1235 1766 1532 1831 adducite
1594 1766 1867 1832 uitulum
1915 1766 2092 1831 illum
2152 1767 2509 1847 saginatum
2556 1771 2623 1832 et
2681 1765 2951 1832 occidite
2996 1783 3139 1829 eum

532 1875 599 1935 et
643 1871 1099 1936 manducemus
1147 1877 1213 1936 et
1261 1870 1652 1953 aepulemur,
1717 1874 1818 1937 24.
1869 1870 2018 1951 quia
2067 1872 2172 1936 hic
2217 1869 2391 1936 filius
2436 1889 2615 1935 meus
2661 1874 2951 1937 mortuus
2995 1868 3133 1934 fue-

532 1982 636 2041 rat
682 1981 748 2042 et
795 1976 1049 2059 reuixit,
1127 1977 1410 2058 perierat
1475 1981 1540 2041 et
1602 1977 1905 2041 inuentus
1967 1979 2084 2042 est.
2133 1976 2219 2041 Et
2266 1981 2621 2057 coeperunt
2666 1975 2972 2056 aepulari.
3023 1975 3125 2041 25.

534 2081 695 2146 Erat
738 2087 955 2147 autem
1001 2080 1170 2147 filius
1232 2082 1370 2147 eius
1418 2083 1630 2147 senior
1690 2083 1756 2147 in
1803 2100 1976 2164 agro,
2050 2085 2116 2147 et
2160 2080 2396 2145 factum
2448 2086 2547 2146 est
2592 2098 2733 2146 cum
2780 2080 3031 2145 ueniret
3073 2083 3139 2145 et

531 2185 946 2268 adpropiaret
993 2187 1230 2271 domui,
1279 2187 1485 2252 audiit
1531 2186 1969 2268 symphoniam
1996 2191 2061 2251 et
2107 2188 2356 2263 choroS‚
2403 2188 2505 2251 26.
2548 2191 2613 2251 et
2636 2184 2897 2250 uocauit
2942 2203 3137 2250 unum

533 2292 614 2356 de
661 2292 871 2357 seruis
919 2296 984 2355 et
1030 2293 1475 2374 interrogauit,
1524 2310 1840 2372 quaenam
1888 2291 2048 2356 haec
2095 2295 2329 2355 essent.
2402 2291 2504 2356 27.
2568 2290 2762 2371 Isque
2831 2290 2992 2355 dixit
3038 2291 3134 2354 ei:

533 2396 696 2474 Quia
740 2395 946 2463 frater
1015 2401 1169 2462 tuus
1214 2398 1415 2473 uenit,
1484 2403 1548 2463 et
1593 2397 1826 2462 occidit
1892 2403 2077 2479 pater
2142 2401 2293 2461 tuus
2339 2396 2616 2460 uitulum
2660 2395 2837 2460 illum
2884 2395 3139 2476 sagina-

530 2507 691 2581 tum,
739 2502 888 2584 quia
935 2503 1184 2568 saluum
1231 2502 1409 2567 illum
1458 2504 1717 2583 recepit.
1784 2504 1887 2568 28.
1934 2501 2313 2583 Indignatus
2361 2506 2462 2565 est
2509 2504 2722 2565 autem
2768 2504 2834 2564 et
2879 2499 3141 2565 nolebat

531 2608 798 2672 intrare.
868 2607 1061 2672 Pater
1107 2625 1262 2672 uero
1309 2607 1484 2673 illius
1532 2624 1829 2687 egressus
1877 2605 2089 2688 coepit
2148 2625 2372 2688 rogare
2435 2606 2636 2671 illum.
2729 2607 2833 2672 29.
2879 2605 2983 2670 Ad
3026 2604 3138 2668 ille

530 2713 927 2794 respondens
997 2712 1160 2777 dixit
1231 2712 1393 2793 patri
1442 2729 1585 2776 suo:
1641 2710 1809 2776 Ecce
1857 2714 1956 2776 tot
2014 2710 2199 2776 annis
2259 2712 2472 2776 seruio
2518 2710 2636 2776 tibi
2683 2717 2750 2776 et
2794 2727 3137 2791 numquam

531 2818 904 2886 mandatum
948 2823 1128 2882 tuum
1179 2817 1545 2900 praeteribi,
1617 2823 1681 2882 et
1728 2834 2073 2899 numquam
2139 2816 2372 2883 dedisti
2421 2817 2577 2882 mihi
2627 2866 2641 2882 .
2688 2863 2704 2879 .
2755 2865 2769 2881 .
2819 2865 2835 2881 .
2883 2820 2948 2880 et
2994 2832 3134 2878 cum

533 2924 755 2989 amicis
802 2923 962 2989 meis
1028 2924 1383 3004 aepularer.
1433 2923 1537 2987 30.
1586 2921 1710 2987 Sed
1761 2928 2104 3005 postquam
2169 2920 2341 2988 filius
2387 2928 2538 2988 tuus
2586 2922 2710 3001 hic,
2782 2920 2889 3002 qui
2936 2921 3133 2985 deuo-

535 3028 708 3093 rauit
775 3027 1201 3094 substantiam
1272 3046 1413 3093 cum
1462 3029 1932 3106 meretricibus,
1999 3028 2181 3092 uenit
2250 3030 2316 3090 et
2381 3028 2673 3093 occidisti
2719 3026 2814 3092 illi
2859 3025 3136 3091 uitulum

533 3132 713 3198 illum
762 3134 1141 3215 saginatum.
1193 3133 1297 3197 31.
1344 3132 1431 3195 Et
1478 3131 1616 3212 ipse
1643 3133 1805 3198 dixit
1848 3133 1977 3197 illi:
2041 3132 2184 3216 Fili,
2233 3136 2304 3196 tu
2366 3152 2611 3197 mecum
2657 3150 2912 3213 semper
2955 3128 3138 3197 fuisti

534 3242 600 3303 et
647 3256 736 3316 eS,
785 3242 851 3301 et
898 3238 1111 3302 omnia
1158 3254 1297 3299 mea
1340 3241 1453 3300 tua
1523 3241 1689 3315 sunt,
1760 3237 1864 3300 32.
1913 3237 2202 3317 aepulari
2272 3242 2487 3301 autem
2559 3255 2673 3303 nos
2742 3240 2808 3300 et
2852 3236 3139 3318 gaudere

531 3346 799 3424 oportet,
865 3341 1035 3421 quod
1100 3339 1300 3403 frater
1347 3344 1499 3405 tuus
1562 3338 1668 3403 hic
1712 3346 2004 3405 mortuus
2066 3340 2280 3406 fuerat
2327 3348 2392 3406 et
2437 3341 2689 3420 reuixit,
2742 3341 3024 3422 perierat
3069 3342 3139 3403 et

532 3447 830 3511 inuentus
878 3451 992 3511 est.

739 3651 937 3724 XVI.
993 3658 1048 3722 1.
1098 3654 1368 3720 Dicebat
1415 3660 1627 3720 autem
1677 3657 1757 3719 ad
1809 3655 2159 3737 discipulos
2207 3674 2391 3722 suos:
2439 3655 2645 3721 Homo
2691 3655 2946 3738 quidam
2994 3656 3136 3720 erat

541 3763 745 3841 diues,
793 3762 897 3844 qui
943 3761 1222 3826 habebat
1265 3760 1549 3838 uilicum,
1598 3765 1662 3825 et
1707 3760 1812 3826 hic
1858 3760 2224 3827 diffamatus
2291 3767 2432 3826 erat
2477 3764 2633 3842 aput
2677 3760 2877 3843 illum,
2947 3760 3134 3840 quasi

530 3867 910 3950 dissipasset
955 3867 1120 3932 bona
1165 3867 1326 3932 eius.
1376 3867 1434 3932 2.
1483 3866 1570 3930 Et
1615 3866 1873 3931 uocauit
1920 3867 2099 3931 illum
2124 3867 2206 3930 ad
2253 3883 2322 3929 se
2369 3871 2434 3930 et
2481 3868 2575 3931 ait
2618 3865 2749 3931 illi:
2798 3865 2967 3944 Quid
3012 3862 3136 3929 hoc

530 3973 721 4038 audio
769 3972 848 4035 de
892 3976 976 4049 te,
1052 3971 1248 4035 redde
1318 3971 1629 4035 rationem
1676 3970 2067 4036 uilicationis
2114 3977 2294 4050 tuae;
2344 3971 2470 4035 iam
2502 3971 2668 4035 enim
2715 3989 2843 4034 non
2888 3969 3132 4051 poteris

534 4076 817 4141 uilicare.
867 4077 925 4139 3.
976 4075 1088 4138 Ait
1134 4079 1349 4139 autem
1419 4074 1648 4140 uilicus
1696 4076 1866 4140 intra
1914 4093 2015 4141 se:
2083 4075 2248 4152 Quid
2295 4074 2548 4155 faciam,
2618 4075 2769 4156 quia
2837 4073 3132 4138 dominus

526 4199 708 4246 meus
777 4179 1029 4244 auferet
1076 4199 1114 4243 a
1161 4199 1259 4244 me
1306 4178 1767 4259 uilicatiouem,
1837 4178 2058 4245 fodere
2134 4198 2259 4245 non
2306 4180 2511 4259 uale0,
2578 4179 2947 4245 mendicare
2989 4195 3132 4242 eru-

526 4284 738 4348 besco,
806 4284 867 4347 4.
920 4280 1222 4364 Cognoui,
1290 4285 1440 4364 quid
1492 4283 1744 4362 faciam,
1812 4289 1885 4349 ut
1928 4302 2069 4348 cum
2118 4288 2368 4350 amotus
2427 4284 2607 4349 fuero
2655 4302 2693 4347 a
2737 4282 3129 4360 uilicatione,

523 4388 841 4469 recipiant
886 4407 985 4451 me
1033 4388 1100 4451 in
1148 4388 1367 4454 domos
1414 4407 1584 4455 suas.
1679 4391 1739 4455 5.
1788 4386 2178 4454 Conuocatis
2224 4390 2448 4470 itaque
2511 4387 2783 4470 singulis
2831 4387 3133 4452 debitori-

523 4492 646 4558 bus
693 4491 932 4558 domini
979 4493 1104 4572 sui,
1151 4492 1405 4557 dicebat
1453 4494 1693 4574 primo:
1744 4494 2064 4571 Quantum
2112 4493 2308 4558 debes
2353 4494 2613 4560 domino
2658 4493 2850 4558 meo?
2918 4494 2978 4557 6.
3026 4492 3128 4556 Ad

525 4597 636 4663 ille
681 4596 884 4663 dixit:
934 4601 1187 4662 centum
1231 4597 1463 4662 uathos
1509 4598 1657 4665 olei.
1706 4598 1888 4664 Dixit
1934 4604 2149 4664 autem
2194 4598 2332 4664 illi:
2395 4599 2633 4679 Accipe
2679 4598 2942 4663 litteras
2984 4601 3132 4662 tuas

522 4706 594 4768 et
632 4702 785 4767 sede
830 4702 957 4768 cito
1002 4702 1212 4767 scribe
1232 4714 1255 4768 ε’
1296 4704 1769 4785 quinquaginta.
1822 4705 1878 4768 7.
1932 4703 2178 4768 Deinde
2226 4702 2352 4768 alio
2401 4704 2599 4768 dixit:
2648 4704 2765 4780 Tu,
2813 4707 3130 4783 quantum

527 4807 765 4873 debes?
833 4807 973 4873 Ait:
1047 4805 1316 4872 Centum
1364 4807 1594 4872 choros
1639 4808 1860 4874 tritici.
1933 4808 2043 4872 Ait
2089 4813 2154 4873 et
2203 4807 2335 4873 illi:
2401 4809 2636 4891 Accipe
2683 4808 2936 4877 litteras
2982 4815 3132 4872 tuas
