3484 5617
937 1517 1394 1605 (Euanqelium
1457 1519 1819 1589 secundum
1884 1519 2272 1604 Lucanum.)

526 1728 582 1792 1.
658 1724 973 1800 Quoniam
1031 1730 1281 1811 quidem
1349 1731 1536 1795 multi
1595 1732 1811 1796 conati
1882 1736 2031 1796 sunt
2111 1732 2409 1796 ordinare
2483 1731 2917 1795 narrationem

326 1852 547 1908 remam,
596 1853 761 1914 quae
803 1834 875 1897 in
934 1834 1109 1898 nobis
1153 1835 1493 1918 completae
1536 1840 1705 1915 sunt,
1766 1841 1827 1901 2.
1891 1837 2055 1900 sicut
2098 1835 2504 1900 tradiderunt
2563 1835 2759 1914 nobie,
2807 1837 2917 1915 qui

322 1936 400 1999 ab
458 1938 637 2002 initio
702 1939 833 2020 ipsi
896 1939 1197 2005 uiderunt
1255 1945 1314 2004 et
1371 1941 1654 2005 mini-stri
1698 1946 1974 2021 fuerunt
2048 1941 2373 2022 sermonis,
2440 1943 2501 2004 3.
2543 1939 2789 2022 placuit
2856 1945 2916 2003 et

317 2040 472 2105 mihi
519 2047 576 2105 et
619 2042 856 2125 spiritu
899 2049 1116 2109 sancto
1175 2045 1468 2110 adsecuto
1515 2068 1556 2110 a
1599 2046 1914 2127 principio
1958 2046 2241 2110 omnibus
2302 2045 2634 2125 diliyenter
2695 2065 2771 2108 cx
2818 2065 2915 2108 or-

318 2145 466 2211 dine
507 2148 624 2212 tibi
666 2149 956 2233 scribere,
1004 2151 1237 2233 optime
1289 2150 1645 2233 Theophila,
1690 2154 1757 2218 4.
1803 2155 1873 2214 ut
1920 2171 2257 2232 coynoscas
2303 2169 2514 2214 eorum
2558 2150 2910 2229 uerborum,

316 2250 393 2315 de
417 2251 639 2333 quibus
683 2252 970 2317 eruditus
995 2275 1079 2332 es,
1112 2254 1467 2319 ueritatem.
1513 2255 1577 2318 5.
1624 2256 1774 2319 Fuit
1806 2256 1875 2319 in
1906 2255 2120 2319 diebus
2167 2255 2436 2319 Herodis
2477 2254 2643 2335 req-is
2672 2255 2920 2321 Judeae

321 2356 613 2421 sacerdos
658 2356 941 2438 quidam,
988 2360 1234 2424 nomine
1280 2359 1693 2437 macharios,
1744 2360 1820 2424 de
1862 2360 1999 2424 uice
2058 2358 2252 2440 Auia,
2298 2365 2356 2424 ct
2400 2379 2562 2424 uxor
2606 2358 2784 2424 illius
2844 2359 2919 2422 dc

302 2460 572 2542 filiabus
614 2462 855 2541 Aaron,
917 2470 982 2529 et
1026 2483 1253 2530 nomen
1314 2465 1454 2530 eius
1514 2465 1823 2531 Elisabel.
1886 2467 1947 2531 6.
1995 2464 2202 2532 Erant
2248 2471 2458 2530 autem
2519 2464 2671 2529 iusti
2734 2465 2917 2528 ambo

319 2571 471 2630 ante
517 2566 796 2632 domium
842 2568 1214 2635 incedentes
1262 2568 1326 2633 in
1373 2569 1667 2634 omnibns
1715 2569 2034 2635 mandatis
2081 2577 2144 2635 et
2207 2567 2767 2634 iustificationibus
2815 2571 2915 2634 dei

319 2670 459 2735 sine
504 2670 851 2751 quaerella,
902 2674 961 2737 7.
1009 2679 1075 2738 et
1119 2692 1244 2737 non
1294 2681 1435 2738 erat
1479 2674 1606 2739 illis
1653 2673 1843 2756 filius,
1898 2692 1972 2738 eo
2020 2675 2188 2754 quod
2236 2679 2409 2737 esset
2455 2673 2738 2737 Elisabel
2786 2678 2913 2737 ste·

317 2775 474 2854 vilis,
537 2780 601 2840 et
645 2775 862 2840 ambo·
895 2778 1172 2857 processi
1219 2783 1408 2842 erant
1461 2779 1523 2841 in
1573 2776 1796 2844 diebus
1860 2779 2012 2842 suis,
2085 2780 2146 2844 8.
2196 2778 2459 2842 Factum
2523 2785 2620 2841 est
2680 2782 2915 2847 autem.

321 2897 461 2944 cum
508 2881 868 2946 sacerdotio
899 2880 1272 2964 fungeretur
1317 2882 1697 2948 Zaccharias
1731 2883 1796 2946 in
1827 2882 2112 2947 ordinem
2153 2883 2314 2946 uicis
2346 2899 2498 2946 suae
2543 2887 2693 2947 ante
2726 2882 2916 2946 deum

321 2986 670 3050 secundum
704 2987 1229 3051 consuetudinem
1255 2988 1618 3066 sacerdotii,
1670 2993 1845 3052 sorte
1878 2988 2051 3065 exiit,
2087 2989 2145 3052 9.
2182 2991 2252 3051 ut
2274 2987 2597 3052 incensum
2620 2990 2908 3068 poneret,

318 3088 648 3170 ingressus
693 3090 756 3154 in
805 3090 1110 3171 templum
1158 3092 1413 3169 domini,
1472 3093 1566 3158 10.
1617 3095 1682 3156 et
1727 3091 1931 3156 omnis
1998 3091 2341 3156 multitudo
2389 3092 2614 3157 orabat
2658 3110 2774 3156 ora
2822 3093 2913 3156 in-

321 3195 516 3258 censi.
569 3198 666 3259 11.
718 3196 1038 3277 Apparuit
1081 3203 1293 3261 autem
1340 3197 1434 3261 illi
1481 3196 1747 3278 angelus
1793 3202 1974 3261 stans
2020 3216 2059 3259 a
2109 3197 2347 3262 dextris
2396 3196 2607 3262 altarii
2652 3197 2917 3274 incensi,

328 3287 542 3364 12jet
586 3299 815 3365 uidens
875 3299 1276 3379 Zaccha1·ia8‚
1325 3303 1619 3367 turbatus
1667 3306 1784 3383 est,
1844 3305 1912 3365 et
1956 3302 2145 3365 timor
2193 3303 2423 3368 cecidit
2467 3321 2659 3384 super
2718 3301 2917 3368 illum.

331 3406 424 3470 13.
469 3404 557 3469 Et
604 3404 699 3469 ait
757 3405 837 3470 ad
884 3406 1062 3471 illum
1112 3409 1378 3489 angelus
1419 3409 1670 3473 dicens:
1736 3409 1833 3474 Ne
1881 3408 2127 3491 timeaS,
2194 3409 2558 3487 zaccharia,
2623 3409 2918 3489 quoniam

321 3508 676 3575 obsecratio
719 3512 1179 3577 tua-exaudita
1237 3519 1359 3590 est,
1427 3520 1492 3578 et
1539 3531 1694 3579 uxor
1739 3517 1852 3577 tua
1913 3509 2200 3577 Elisabel
2262 3512 2473 3593 pariet
2518 3512 2635 3576 tibi
2697 3510 2917 3588 filium,

324 3620 388 3678 et
432 3615 693 3679 uocabis
740 3632 960 3680 nomen
995 3619 1132 3682 eius
1165 3616 1519 3700 Johanneu,
1571 3619 1670 3682 14.
1718 3622 1785 3680 et.
1830 3617 1955 3681 erit
1997 3615 2298 3697 gaudium
2344 3616 2461 3681 tibi
2493 3619 2559 3679 et
2589 3615 2916 3693 exultatio,

326 3721 390 3782 et
429 3716 614 3782 multi
660 3718 725 3782 in
791 3721 1134 3785 natiuitate
1180 3721 1322 3786 eius
1368 3721 1755 3800 gaudebunt,
1829 3725 1924 3788 15.
1988 3724 2117 3785 erit
2162 3721 2329 3784 enim
2390 3738 2656 3802 magnus
2705 3739 2917 3785 coram

329 3821 596 3906 domim,
645 3829 712 3889 et
758 3825 975 3889 uinum
1024 3830 1089 3890 et
1135 3825 1400 3890 siceram
1473 3844 1593 3898 non
1644 3824 1837 3908 bibet,
1906 3831 1971 3890 et
2015 3826 2246 3907 spiritu
2296 3830 2515 3889 sancto
2561 3824 2919 3905 replebitur

334 3945 409 3989 ex
453 3932 631 3995 utero
680 3931 905 3994 matris
950 3948 1125 4007 suae,
1181 3932 1278 3994 16.
1328 3935 1395 3994 et
1440 3928 1674 3994 multos
1734 3927 1901 3994 filios
1947 3929 2225 3993 Istrahel
2288 3933 2621 3994 conuertet
2681 3929 2760 3992 ad
2809 3929 2916 3993 do-

323 4032 557 4097 minum
604 4034 790 4099 deum
837 4035 1136 4116 ipsorum,
1190 4037 1289 4099 17.
1338 4039 1404 4098 et
1449 4035 1588 4116 ipse
1635 4034 1980 4116 praecedet
2028 4038 2176 4098 ante
2239 4033 2416 4097 illum
2464 4034 2525 4097 in
2575 4034 2807 4114 spiritu
2853 4037 2921 4097 et

323 4137 565 4203 uirtute
625 4136 870 4217 Heliae,
932 4143 1004 4203 ut
1063 4143 1395 4204 conuertat
1456 4140 1651 4204 corda
1714 4143 1964 4219 pat-rum
2027 4140 2092 4203 in
2153 4138 2319 4203 filios
2382 4144 2445 4202 et
2509 4139 2920 4204 incredibiles

322 4242 404 4307 ad
467 4244 872 4324 prudentiam
937 4246 1270 4322 iustorum,
1338 4263 1567 4324 parare
1628 4245 1879 4310 domino
1941 4245 2190 4326 plebem
2250 4243 2623 4325 perfectam.
2695 4245 2788 4309 18.
2836 4243 2923 4307 Et

323 4348 485 4412 dixit
507 4348 893 4414 Zacchai·ias
925 4349 1004 4413 ad
1033 4349 1361 4429 angelum:
1395 4347 1586 4413 Unde
1616 4349 1737 4414 hoc
1768 4349 2012 4415 sciam?
2041 4367 2160 4430 ego
2207 4351 2375 4413 enim
2410 4366 2605 4413 senex
2644 4367 2805 4428 sum,
2858 4354 2924 4413 et

239 4468 245 4473 ·
323 4470 480 4517 uxor
526 4471 669 4518 mea
716 4454 1074 4534 processior
1121 4455 1184 4517 in
1234 4453 1457 4518 diebus
1503 4456 1656 4519 suis.
1714 4455 1812 4518 19.
1859 4453 1947 4518 Et
1991 4460 2386 4536 respondens
2449 4453 2713 4534 angelus
2761 4452 2923 4518 dixit

324 4557 417 4622 ei:
481 4557 619 4639 Ego
682 4576 823 4622 sum
889 4558 1170 4641 Gabriel,
1234 4560 1344 4640 qui
1406 4559 1644 4623 adsisto
1708 4564 1859 4622 ante
1919 4557 2259 4636 dominum,
2324 4563 2389 4622 et
2447 4558 2685 4622 missus
2745 4558 2919 4638 loqui

324 4666 392 4726 at
435 4668 500 4727 te
531 4667 598 4727 et
629 4664 787 4728 haec
830 4664 951 4728 tibi
981 4664 1447 4746 euangelizare.
1499 4665 1600 4728 20.
1648 4663 1735 4728 Et
1770 4681 1920 4728 ecce
1965 4664 2093 4728 eris
2126 4667 2345 4728 tacens
2390 4669 2454 4728 et
2501 4680 2627 4728 non
2676 4663 2918 4743 poteris

319 4765 496 4848 loqui
577 4784 780 4849 usque
846 4767 912 4832 in
956 4767 1148 4847 diem,
1217 4787 1345 4850 quo
1393 4766 1551 4834 haec
1611 4765 1765 4832 fiant
1821 4771 2087 4849 propter
2129 4767 2269 4846 hoc,
2339 4768 2490 4847 quia
2533 4785 2660 4831 non
2720 4766 2923 4830 credi-
