3484 5617
347 470 410 527 Ο.
452 479 530 527 19.
664 534 670 541 ἡ
1092 469 1456 543 Euangelium
1492 472 1789 528 secundnm
1830 470 2157 528 Johannem.
2864 474 2948 541 73

346 703 586 764 mones,
634 688 903 752 adduxit
947 686 1125 754 foras
1171 687 1399 752 ‚Iesum
1441 688 1508 751 et
1553 686 1722 752 sedit
1782 703 1900 768 pro
1946 685 2255 751 tribunali
2309 686 2375 749 in
2419 685 2649 768 locum,
2698 685 2806 767 qui
2854 684 2949 750 di-

347 789 516 853 citur
576 789 1033 874 Lithostrotus,
1097 791 1436 856 hebraeice
1495 798 1710 854 autem
1759 789 2109 855 Gennetha.
2207 792 2303 854 14.
2351 790 2513 854 Erat
2574 794 2789 855 autem
2837 810 2950 872 pa-

344 912 609 959 rasceue
656 895 932 978 paschae
978 896 1137 960 hora
1182 895 1366 978 quasi
1413 901 1612 974 sexta,
1660 900 1725 960 et
1772 895 1932 960 dicit
1976 894 2275 960 Judaeis:
2340 894 2505 960 Ecce
2551 913 2666 960 rex
2712 901 2951 963 uester.

349 1001 447 1064 15.
513 999 968 1065 Clamaucrunt
1015 1019 1169 1081 ergo
1217 1000 1346 1064 illi:
1409 1000 1608 1078 Tolle,
1657 1000 1834 1073 tolle,
1882 998 2183 1080 crucifige
2227 1018 2391 1064 eum.
2483 1001 2659 1064 Dicit
2704 1000 2798 1066 eis
2846 1000 2947 1065 Pi-

342 1105 549 1169 latus:
600 1124 814 1187 regem
862 1111 1148 1170 uestrum
1199 1102 1613 1184 crucifigam?
1691 1105 2183 1188 Responderunt
2227 1102 2593 1186 pontifices:
2651 1105 2790 1170 Non
2837 1105 2952 1171 ha-

343 1209 566 1273 bemus
635 1227 870 1292 regem,
938 1210 1063 1273 nisi
1110 1228 1450 1275 caesarem.
1554 1211 1647 1274 16.
1696 1209 1873 1274 Tunc
1941 1228 2093 1292 ergo
2162 1207 2430 1274 tradidit
2501 1209 2594 1273 eis
2640 1208 2834 1282 illum,
2883 1213 2954 1281 ut

342 1315 516 1378 cruci
586 1333 731 1379 eum
797 1311 1085 1396 figerent.
1186 1318 1283 1379 17.
1355 1315 1786 1397 Susceperunt
1856 1334 2005 1397 ergo
2073 1313 2298 1379 ‚Iesum
2360 1317 2426 1377 et
2485 1313 2779 1379 baiulans
2824 1314 2948 1379 sibi

341 1437 614 1497 crucem,
689 1420 846 1482 exiit
912 1420 978 1481 in
1046 1438 1189 1482 eum
1252 1419 1477 1495 locum,
1527 1421 1636 1502 qui
1700 1420 1931 1484 dicitur
1979 1418 2316 1485 Caluariae
2360 1416 2555 1497 locus,
2604 1418 2945 1484 hebraeice

340 1522 683 1604 Golgotha,
750 1524 850 1589 18.
916 1524 1019 1587 ubi
1083 1542 1225 1586 eum
1286 1521 1757 1602 crucifixerunt,
1822 1531 2075 1588 etcum
2120 1542 2195 1588 eo
2244 1524 2406 1589 alios
2469 1523 2627 1586 duos
2686 1523 2835 1588 hinc
2882 1530 2948 1589 et

340 1628 507 1709 hinc,
556 1628 830 1692 medium
878 1633 1089 1692 autem
1133 1628 1375 1694 Jesum.
1442 1631 1542 1694 19.
1592 1628 1866 1710 Scripsit
1912 1635 2125 1694 autem
2173 1634 2238 1694 et
2284 1627 2539 1693 titulum
2585 1626 2836 1692 Pilatus
2884 1632 2949 1690 et

345 1734 560 1813 posuit
617 1751 810 1813 super
869 1751 1136 1797 crucem.
1220 1734 1381 1798 Erat
1445 1741 1660 1799 autem
1722 1735 2073 1816 scriptum:
2139 1733 2334 1800 Jesus
2399 1733 2767 1798 Nazarenus
2836 1751 2949 1796 rex

348 1834 750 1903 Judaeorum.
846 1840 948 1904 20.
997 1837 1183 1902 Hunc
1229 1858 1378 1920 ergo
1426 1841 1683 1904 titulum
1748 1839 1932 1904 multi
1995 1841 2286 1921 legerunt
2332 1838 2747 1916 «Iudaeorum,
2795 1839 2946 1918 quia

343 1960 538 2023 prope
585 1943 917 2008 ciuitatem
967 1947 1105 2007 erat
1153 1945 1346 2022 locuS,
1396 1945 1503 2010 ubi
1551 1943 1888 2011 crucifixus
1934 1950 2033 2010 est
2063 1944 2287 2029 Jesus3
2338 1950 2401 2009 et
2448 1949 2587 2007 erat
2633 1943 2942 2024 scriptum

340 2045 698 2129 hebraeice,
770 2067 997 2129 graece
1058 2053 1126 2113 et
1171 2048 1390 2112 latine.
1484 2053 1586 2113 21.
1642 2050 1950 2114 Dicebant
2013 2068 2162 2132 ergo
2210 2049 2415 2114 Pilato
2461 2048 2783 2130 principes
2830 2046 2941 2111 Ju-

338 2151 669 2216 daeorum:
721 2150 865 2216 Noli
897 2153 1174 2217 scribere
1218 2172 1328 2218 rex
1361 2152 1785 2238 Judae01·um;
1819 2154 1933 2220 sed
1960 2156 2107 2236 quia
2154 2154 2348 2219 dixit:
2385 2173 2496 2218 rex
2527 2172 2667 2218 sum
2692 2151 2932 2217 Judae-

344 2274 544 2321 orum.
595 2259 695 2321 22.
724 2258 1078 2339 Respondit
1103 2259 1381 2324 Pilatus:
1419 2257 1603 2336 Quod
1628 2259 1877 2340 scripsi,
1903 2260 2151 2341 scripsi.
2201 2260 2300 2325 23.
2330 2258 2570 2323 Milites
2597 2277 2746 2339 ergo
2794 2278 2936 2323 cum

344 2360 810 2428 crucifixissent
856 2363 1099 2443 Jesum,
1147 2370 1530 2445 acceperunt
1575 2364 1963 2429 uestimenta
2023 2365 2162 2428 eius
2217 2368 2280 2429 et
2326 2362 2617 2428 fecerunt
2664 2368 2942 2444 quatuor

339 2471 579 2546 partes,
648 2468 991 2549 unicuique
1060 2467 1246 2532 militi
1310 2475 1573 2550 partem.
1668 2469 1829 2534 Erat
1886 2473 2098 2533 autem
2161 2468 2377 2532 tunica
2436 2468 2619 2532 rudis
2668 2468 2944 2549 desuper

341 2575 632 2637 contexta
689 2591 809 2655 per
855 2576 1075 2637 totum.
1155 2574 1254 2636 24.
1319 2573 1637 2638 Dixerunt
1683 2592 1835 2655 ergo
1881 2576 1962 2636 ad
2012 2575 2320 2638 inuicem:
2388 2571 2529 2636 Non
2577 2572 2945 2637 scindamus

340 2670 497 2758 eam,
547 2676 659 2741 sed
723 2678 1068 2742 sortiamur
1133 2677 1212 2740 de
1275 2696 1368 2756 ea,
1440 2678 1624 2744 cuius
1672 2681 1775 2756 sit,
1827 2685 1900 2742 ut
1943 2679 2267 2758 scriptura
2314 2676 2694 2759 impleatur:
2760 2675 2941 2739 Diui-

337 2784 560 2844 serunt
605 2780 992 2846 uestimenta
1039 2800 1175 2845 mea
1222 2787 1287 2846 et
1334 2782 1396 2844 in
1443 2785 1693 2845 uestem
1741 2801 1941 2847 meam
1988 2784 2303 2848 miserunt
2348 2786 2607 2846 sortem.
2697 2780 2783 2844 Et
2829 2781 2939 2843 mi-

338 2882 484 2949 lites
551 2887 806 2966 quidem
869 2885 1025 2950 haec
1085 2884 1391 2950 fecerunt.
1482 2888 1584 2952 25.
1639 2887 1904 2952 Stabant
1966 2896 2178 2952 autem
2243 2888 2419 2952 iuxta
2482 2904 2731 2950 crucem
2777 2884 2936 2949 Jesu

336 2995 541 3052 mater
606 2991 742 3056 eius
809 2995 875 3054 et
946 3009 1126 3055 soror
1172 2991 1396 3056 matris
1445 2991 1584 3056 eius
1631 2991 1836 3056 Maria
1887 2991 2121 3074 Cleope
2168 2999 2234 3057 et
2281 2992 2491 3055 Maria
2540 2990 2935 3072 Magdalene.

337 3095 440 3160 26.
476 3091 631 3158 Cum
680 3095 949 3160 uidisset
995 3102 1210 3160 autem
1242 3095 1434 3161 Jesus
1481 3102 1750 3162 matrem
1796 3101 1862 3161 et
1908 3096 2291 3180 discipulum
2341 3097 2721 3174 adstantem,
2749 3112 2936 3177 quem

339 3199 664 3283 diligebat,
716 3200 871 3265 dicit
912 3202 1139 3265 matri:
1194 3202 1443 3282 Mulier,
1494 3221 1642 3267 ecce
1690 3201 1862 3269 filius
1909 3208 2077 3269 tuus.
2153 3206 2256 3271 27.
2305 3201 2557 3268 Deinde
2605 3201 2761 3265 dicit
2807 3200 2932 3264 dis-

342 3303 584 3384 cipulo:
653 3304 820 3370 Ecce
866 3311 1074 3372 mater
1118 3311 1246 3371 tua.
1318 3308 1405 3372 Et
1471 3327 1549 3373 ex
1596 3309 1704 3373 illa
1751 3309 1908 3376 hora
1954 3310 2203 3392 accepit
2252 3308 2425 3373 illam
2472 3306 2824 3388 discipulus
2869 3306 2936 3368 in

335 3424 467 3472 sua.
546 3410 649 3475 28.
696 3411 932 3476 Postea
975 3409 1167 3477 Jesus
1215 3414 1448 3493 scienS,
1497 3416 1648 3497 quia
1693 3418 1905 3480 omnia
1952 3419 2387 3480 consummata
2435 3420 2603 3491 sunt,
2652 3418 2724 3477 ut
2773 3430 2935 3477 com-

335 3511 587 3594 pleatur
651 3516 984 3597 scriptura,
1063 3518 1258 3584 dixit:
1321 3519 1500 3584 sitio.
1594 3522 1697 3586 29.
1746 3519 1881 3584 Uas
1928 3520 2205 3600 positum
2254 3525 2392 3583 erat
2448 3524 2632 3582 aceto
2685 3517 2938 3599 plenum

335 3620 663 3700 spongiam
731 3640 882 3705 ergo
931 3623 1183 3703 plenam
1231 3628 1412 3688 aceto
1461 3626 1741 3704 perticae
1792 3626 2344 3703 circumponentes
2405 3623 2779 3686 obtulerunt
2836 3622 2927 3685 ori

337 3724 490 3789 eius
540 3726 641 3790 30.
680 3725 837 3792 Cum
869 3746 1019 3808 ergo
1053 3729 1405 3809 accepisset
1449 3728 1643 3792 Jesus
1689 3732 1961 3806 acetum,
2012 3728 2208 3792 dixit:
2260 3730 2762 3790 consummatum
2811 3731 2929 3790 est.

338 3826 422 3892 Et
486 3830 783 3898 inclinato
851 3833 1062 3914 capite
1129 3832 1394 3897 tradidit
1459 3833 1778 3914 spiritum.
1873 3835 1975 3898 31.
2045 3831 2281 3898 ‚Iudaei
2345 3849 2514 3912 erg0,
2579 3832 2731 3911 quia
2777 3848 2932 3894 cena

337 3952 493 4013 pura
537 3942 696 4016 erat,
743 3943 815 4001 ut
861 3957 988 4004 non
1035 3943 1439 4003 remanerent
1484 3938 1546 4002 in
1597 3956 1846 4003 crucem
1896 3956 2166 4019 corpora
2212 3936 2497 4015 sabbat0,
2549 3937 2714 4016 (erat
2761 3936 2931 3999 enim

331 4057 597 4122 magnus
645 4042 783 4108 dies
818 4043 989 4108 illius
1023 4044 1324 4125 sabbati,)
1374 4049 1766 4125 rogauerunt
1812 4044 2112 4123 Pilatum,
2160 4048 2231 4107 ut
2261 4041 2706 4124 frangerentur
2741 4059 2930 4105 crura

335 4164 553 4210 eorum
617 4154 685 4212 et
744 4148 1139 4214 tollerentur.
1235 4152 1338 4213 32.
1386 4148 1727 4214 Uenerunt
1795 4168 1949 4231 ergo
2021 4149 2273 4228 milites,
2347 4151 2413 4212 et
2457 4146 2632 4211 illius
2681 4146 2934 4227 quidem

327 4253 515 4331 primi
578 4250 908 4336 fregerunt
952 4272 1139 4318 crura
1186 4258 1250 4319 et
1298 4254 1584 4334 alterius,
1637 4256 1746 4336 qui
1794 4253 1980 4318 simul
2032 4252 2366 4318 crucifixus
2431 4255 2570 4316 erat
2633 4270 2773 4315 cum
2838 4270 2931 4318 eo,

327 4358 433 4423 33.
485 4357 580 4422 Ad
630 4357 855 4424 ‚Iesum
904 4364 1114 4422 autem
1162 4376 1301 4422 cum
1351 4361 1699 4440 uenissent,
1750 4365 1822 4423 ut
1868 4360 2172 4424 uiderunt
2232 4377 2380 4422 eum
2424 4359 2551 4422 iam
2597 4362 2933 4436 mortuum,

326 4480 454 4527 non
513 4462 845 4545 fregerunt
910 4482 1095 4528 crura
1157 4464 1319 4545 eiuS,
1385 4464 1487 4528 34.
1559 4463 1670 4528 sed
1739 4482 1908 4529 unus
1967 4464 2242 4528 militum
2301 4462 2523 4528 lancea
2570 4462 2746 4526 latus
2792 4464 2932 4527 eius

327 4570 619 4650 pupugit,
668 4574 734 4634 et
777 4569 977 4634 exiuit
1023 4569 1324 4633 continuo
1372 4568 1631 4647 sanguis
1680 4574 1746 4632 et
1792 4587 1973 4649 aqua.
2066 4568 2169 4634 35.
2217 4568 2305 4631 Et
2349 4569 2454 4649 qui
2521 4566 2704 4643 uidit,
2750 4567 2931 4632 testi-

324 4675 607 4741 monium
669 4673 1010 4755 perhibuit,
1072 4679 1139 4741 et
1182 4692 1408 4739 uerum
1457 4678 1557 4738 est
1601 4672 2033 4738 testimonium
2082 4674 2261 4750 eius;
2324 4677 2390 4736 et
2433 4672 2544 4736 ille
2590 4674 2730 4751 scit,
2780 4674 2929 4753 quia

327 4796 487 4846 uera
545 4780 724 4866 dicit,
788 4787 858 4847 ut
918 4788 982 4848 et
1041 4801 1157 4851 uos
1206 4780 1504 4849 credatis.
1575 4779 1677 4847 36.
1727 4778 1923 4845 Facta
1970 4783 2120 4844 suut
2166 4779 2336 4845 enim
2383 4780 2559 4866 haec,
2607 4781 2680 4845 ut
2722 4780 2920 4862 scrip-
