3484 5617
291 505 355 561 G.
396 510 447 562 2.
1060 502 1443 571 {Euangelium
1484 502 1788 558 secundum
1824 502 2090 558 Marcum.
2784 507 2900 570 121

290 712 528 781 scribis
575 716 875 780 sedentes
922 718 987 776 et
1032 714 1386 795 cogitantes
1434 713 1496 778 in
1547 713 1848 778 cordibus
1895 713 2029 777 suis
2076 713 2399 777 dicentes:
2454 715 2511 777 7.
2563 712 2683 778 Hic
2741 713 2903 778 blas·

294 821 576 902 phemat.
630 818 784 896 Quis
818 824 1030 900 potest
1063 819 1385 883 dimittere
1420 823 1705 898 peccata,
1740 819 1862 881 nisi
1899 817 2071 883 solus
2120 817 2309 882 deus:
2359 819 2420 883 8.
2471 818 2608 895 Quo
2643 820 2901 898 cognito

289 923 494 988 Jesus
535 925 598 989 in
634 923 885 1006 spiritu,
936 923 1087 1004 quid
1113 923 1471 1006 cogitarent
1515 921 1682 987 intra
1729 941 1817 996 se,
1870 922 2029 986 dixit
2076 921 2236 986 illis:
2290 922 2442 1003 quid
2491 923 2787 1004 cogitatis
2837 925 2901 986 in

306 1028 610 1095 cordibus
658 1029 940 1094 uestris?
1008 1029 1160 1109 quid
1206 1031 1309 1093 est
1353 1026 1651 1092 facilius?
1719 1027 1935 1091 dicere
1980 1024 2370 1108 paralytico:
2443 1028 2713 1091 remissa
2758 1030 2908 1091 sunt

296 1138 566 1216 peccata
611 1138 743 1213 tua,
809 1136 920 1198 aut
968 1134 1209 1198 dicere:
1286 1131 1491 1212 Surge
1536 1135 1600 1196 et
1645 1131 1951 1195 ambula?
2033 1133 2128 1197 10.
2176 1131 2268 1196 Ut
2313 1133 2555 1214 sciatiS‚
2603 1132 2904 1213 quoniam

299 1244 691 1320 potestatem
737 1236 930 1303 habet
974 1237 1143 1302 filius
1188 1237 1459 1302 hominis
1527 1236 1896 1301 remittendi
1959 1239 2243 1323 peccata,
2314 1236 2435 1313 (ait
2481 1237 2897 1320 paralytico):

291 1345 399 1407 11.
451 1343 670 1424 Surge,
721 1342 876 1407 tolle
922 1342 1296 1424 grabbatum
1345 1347 1410 1406 et
1456 1341 1621 1405 uade
1667 1341 1731 1405 in
1783 1343 2034 1406 domum
2080 1346 2269 1406 tuam.
2345 1344 2422 1405 12
2489 1341 2639 1423 Ipse
2684 1347 2898 1406 autem

290 1465 566 1529 surgens
610 1447 763 1512 tulit
808 1447 1166 1529 grabattum
1215 1465 1420 1511 coram
1469 1447 1761 1510 omnibus
1806 1450 1872 1510 et
1917 1445 2095 1520 abiit,
2176 1447 2266 1511 ita
2311 1452 2384 1511 ut
2430 1445 2736 1511 mirantes
2782 1446 2891 1510 ho-

293 1549 710 1615 norificarent
735 1552 942 1626 deum,
979 1552 1272 1632 quoniam
1305 1552 1525 1616 taliter
1556 1569 1679 1615 nou
1712 1551 1873 1615 talia
1895 1550 2214 1615 uiderant.
2255 1552 2349 1617 13.
2377 1550 2462 1614 Et
2491 1551 2649 1615 exiit
2670 1552 2898 1616 iterum

288 1673 482 1720 secus
528 1674 722 1739 mare,
787 1657 1120 1737 omnisque
1165 1656 1357 1722 turba
1418 1655 1715 1720 ueniebat
1764 1657 1843 1720 ad
1891 1675 2033 1720 eum
2084 1661 2146 1721 et
2180 1654 2448 1720 docebat
2483 1674 2610 1721 eos.
2663 1657 2764 1720 14.
2815 1656 2901 1721 Et

289 1779 436 1824 cum
510 1762 893 1842 praeteriret
959 1762 1124 1826 uidit
1190 1761 1499 1825 Jacobum
1571 1759 1737 1825 Alfei
1810 1761 2134 1825 sedentem
2204 1759 2283 1824 ad
2329 1761 2647 1825 teloneum
2694 1763 2761 1823 et
2807 1761 2899 1825 ait

289 1864 425 1929 illit
475 1883 746 1946 sequere
797 1885 913 1930 me.
963 1867 1047 1929 Et
1095 1884 1357 1947 surgens
1391 1871 1651 1930 secutus
1682 1875 1964 1930 osteum.
1995 1866 2092 1931 15.
2120 1866 2205 1929 Et
2231 1864 2593 1929 factumest
2624 1865 2896 1930 discum-

287 1968 591 2034 bentibus
643 1970 771 2035 illis
818 1972 882 2035 in
930 1971 1135 2049 doum,
1193 1971 1370 2034 multi
1421 1970 1745 2054 publicani
1793 1974 1860 2033 et
1904 1976 2276 2050 peccatores
2322 1969 2510 2034 simul
2560 1968 2895 2034 recumbe-

287 2073 448 2138 bant
498 2092 639 2137 cum
686 2072 844 2139 Jesu
892 2080 956 2138 et
1004 2058 1333 2156 discipulis
1383 2075 1554 2153 eius;
1632 2079 1819 2138 erant
1885 2075 2054 2139 enim
2123 2073 2305 2138 multi
2375 2074 2483 2155 qui
2553 2078 2620 2138 et
2686 2075 2891 2139 secuti

286 2181 446 2241 sunt
491 2196 655 2242 eum.
729 2181 823 2244 16.
872 2179 954 2243 Et
1002 2179 1255 2257 scribae
1298 2180 1788 2245 Pharisaeorum
1822 2184 1893 2243 ut
1940 2180 2243 2242 uiderunt
2289 2180 2586 2259 quoniam
2630 2180 2889 2243 mandu-

288 2288 398 2346 cat
445 2301 587 2347 cum
634 2283 1081 2364 peccatoribus
1128 2287 1192 2348 et
1237 2283 1615 2365 publicanis,
1689 2283 1989 2347 dicebant
2037 2283 2369 2365 discipulis
2416 2282 2622 2348 illius:
2693 2302 2891 2365 quare

286 2406 435 2450 cum
484 2386 838 2468 publicanis
885 2394 948 2452 et
975 2388 1414 2470 peccatoribus
1463 2384 1846 2453 manducat?
1899 2387 1996 2451 17.
2045 2386 2132 2450 Et
2177 2404 2314 2449 cum
2364 2387 2648 2451 audisset
2678 2387 2890 2464 JesuS,

287 2493 417 2556 ait:
468 2510 591 2556 non
619 2497 810 2574 egent
852 2492 1052 2558 fortes
1101 2495 1401 2569 medicos,
1450 2493 1561 2557 sed
1609 2493 1716 2573 qui
1763 2491 1929 2554 male
1976 2490 2244 2568 habent,
2294 2510 2420 2554 non
2467 2492 2618 2555 ueni
2663 2511 2892 2556 uocare

289 2597 504 2660 iustos
549 2596 660 2661 sed
710 2602 1096 2677 peccatores.
1185 2600 1278 2663 18.
1355 2597 1442 2661 Et
1506 2601 1688 2661 erant
1733 2595 2032 2677 discipuli
2082 2586 2396 2660 ‚Iohannis
2443 2601 2508 2660 et
2553 2596 2881 2661 Pharisaei

292 2701 703 2777 ieiunante83
770 2707 839 2765 et
901 2703 1172 2766 ueniunt
1231 2707 1298 2766 et
1357 2702 1578 2766 dicunt
1638 2700 1734 2765 ei:
1809 2718 2006 2782 quare
2053 2700 2349 2779 discipuli
2400 2699 2890 2765 Pharisaeorum

287 2810 359 2867 et
404 2803 718 2870 Johannis
766 2807 1071 2884 ieiunant,
1118 2807 1214 2869 tui
1262 2811 1473 2870 autem
1522 2805 1820 2887 discipuli
1895 2825 2018 2869 non
2067 2803 2403 2868 ieiunant?
2495 2805 2594 2869 19.
2656 2803 2744 2868 Et
2804 2806 2895 2868 ait

283 2909 454 2974 illis:
503 2910 806 2990 numquid
856 2914 1123 2990 possunt
1153 2908 1267 2974 filii
1318 2911 1699 2992 nuptiarum,
1750 2909 2031 2990 quandiu
2081 2927 2221 2973 cum
2271 2909 2396 2972 illis
2452 2914 2551 2974 est
2596 2926 2887 2991 sponsus,
2989 2990 3000 3001 .

284 3015 637 3079 ieiunare?
685 3015 784 3079 20.
834 3013 1116 3079 Uenient
1160 3015 1319 3094 dies,
1373 3033 1511 3078 cum
1561 3015 1899 3078 tolleretur
1966 3015 2045 3079 ab
2092 3014 2186 3079 eis
2233 3031 2529 3095 sponsuS,
2601 3019 2666 3077 et
2733 3019 2886 3077 tunc

281 3118 663 3184 ieiunabunt
688 3120 750 3182 in
797 3117 928 3184 illis
974 3119 1220 3184 diebus.
1271 3121 1372 3184 21.
1401 3117 1602 3184 Nemo
1631 3120 2108 3184 commissuram
2142 3119 2332 3200 panni
2365 3119 2512 3182 noui
2547 3119 2751 3183 assuit
2776 3137 2882 3182 ue-

286 3224 593 3288 stimento
642 3223 869 3302 ueteri,
916 3224 1195 3305 alioquin
1244 3223 1415 3288 tollit
1461 3225 1972 3306 supplementum
2015 3241 2251 3289 nouum
2285 3241 2323 3285 a
2355 3226 2577 3288 uetere
2610 3228 2674 3288 et
2705 3224 2886 3305 peior

282 3326 363 3391 fit
407 3327 704 3392 scissura.
755 3330 856 3393 22.
907 3328 992 3395 Et
1038 3347 1222 3393 nemo
1267 3329 1465 3394 mittit
1510 3330 1729 3392 uinum
1775 3348 2013 3393 nouum
2060 3330 2127 3393 in
2173 3334 2353 3393 utres
2426 3335 2702 3405 uetereS,
2775 3329 2886 3392 sed

287 3434 355 3496 in
402 3451 637 3517 nouos;
683 3432 966 3513 alioquin
1017 3433 1337 3514 dirumpet
1384 3438 1559 3498 utres
1610 3439 1675 3498 et
1722 3434 1938 3497 uinum
1986 3439 2051 3498 et
2095 3439 2271 3499 utres
2303 3432 2622 3515 peribunt.
2672 3433 2771 3497 23.
2804 3431 2890 3496 Et

283 3535 524 3601 factum
570 3541 669 3601 est
713 3556 851 3600 cum
900 3537 1185 3602 sabbatis
1231 3538 1599 3621 ambularet,
1633 3558 1748 3619 per
1794 3544 2067 3619 segetes,
2132 3536 2430 3618 discipuli
2478 3538 2616 3600 eius
2661 3555 2889 3617 coepe-

283 3647 439 3705 runt
484 3642 722 3706 uellere
770 3643 999 3722 spicas.
1051 3645 1152 3706 24.
1201 3643 1529 3706 Pharisaei
1578 3650 1791 3707 autem
1840 3641 2136 3706 dicebant
2202 3641 2328 3704 illi:
2402 3660 2549 3706 ecce
2594 3641 2748 3721 quid
2794 3641 2887 3705 fa-

287 3747 466 3810 ciunt
496 3746 788 3827 ‹liscipuli
821 3747 917 3810 tui
951 3746 1252 3826 sabbatiS,
1286 3747 1452 3826 quod
1487 3765 1610 3809 non
1643 3747 1879 3811 licebat
1923 3747 2017 3810 eis
2044 3746 2075 3808 ⁴?
2121 3747 2223 3809 25.
2273 3746 2360 3809 Et
2403 3746 2495 3810 ait
2525 3744 2694 3810 illis:
2743 3743 2886 3809 Non

286 3850 408 3915 hoc
452 3849 718 3930 legistis,
754 3851 906 3932 quid
952 3850 1178 3916 fecerit
1223 3851 1454 3934 Dauid,
1492 3870 1630 3916 cum
1676 3851 2128 3916 necessitatem
2174 3850 2403 3914 habuit
2445 3854 2513 3913 et
2555 3850 2780 3914 esuriit
2822 3853 2886 3913 et

289 3955 395 4035 qui
443 3975 582 4021 cum
632 3955 740 4020 illo
787 3957 1026 4020 erant?
1088 3959 1188 4022 26.
1240 3956 1567 4034 Quomodo
1615 3955 1887 4020 intrauit
1934 3957 1997 4019 in
2045 3955 2297 4019 domum
2344 3954 2445 4018 dei
2496 3959 2563 4019 et
2621 3954 2883 4018 mandu-

289 4060 460 4123 cauit
506 4079 702 4141 panes
748 4061 1222 4151 propositionis*
1268 4067 1334 4126 et
1380 4060 1557 4125 (ledit
1602 4061 1701 4125 his
1751 4062 1857 4142 qui
1908 4080 2049 4124 cnm
2096 4061 2236 4140 ipso
2286 4064 2488 4135 erant,
2553 4077 2712 4139 quos
2758 4077 2884 4122 nou

284 4162 523 4228 licebat
567 4166 951 4229 manducare
1018 4164 1141 4228 nisi
1212 4163 1365 4228 solis
1432 4164 1921 4229 sacerdotibus?
2011 4167 2112 4230 27.
2165 4163 2323 4228 Dico
2391 4162 2607 4227 autem
2674 4163 2882 4239 uobiS,

287 4268 438 4349 quia
485 4270 790 4335 sabbatus
834 4274 1095 4349 propter
1142 4268 1457 4334 bominem
1505 4269 1714 4334 factus
1762 4275 1879 4351 est,
1945 4289 2068 4334 non
2117 4267 2302 4332 homo
2350 4274 2612 4350 propter
2658 4269 2884 4332 sabba—

284 4380 441 4437 tum.
491 4374 589 4437 28.
639 4371 805 4448 Quia
853 4373 1143 4437 dominus
1192 4378 1291 4435 est
1334 4371 1505 4437 filius
1550 4374 1827 4438 hominis
1875 4375 2065 4438 etiam
2117 4373 2385 4437 sabbati.

494 4581 613 4647 III.
676 4587 725 4646 l.
774 4583 858 4646 Et
905 4600 1042 4646 cum
1092 4581 1421 4645 introisset
1467 4582 1697 4645 iterum
1746 4581 1807 4645 in
1856 4599 2264 4662 synagogam,
2333 4580 2513 4644 uenit
2573 4581 2653 4645 ad
2701 4580 2883 4643 illum

284 4685 470 4751 homo
518 4705 764 4750 manum
816 4687 1057 4751 aridam
1105 4685 1368 4750 habens.
1418 4686 1476 4749 2.
1526 4685 1611 4748 Et
1657 4685 2091 4749 obseruabant
2138 4704 2301 4766 eum,
2365 4686 2416 4750 si
2466 4685 2731 4751 sabbato
2772 4704 2880 4748 cu-

284 4798 476 4868 raret,
524 4797 595 4856 ut
637 4798 1015 4857 accusarent
1058 4791 1254 4857 illum.
1306 4794 1363 4857 3.
1416 4790 1500 4859 Et
1544 4791 1637 4854 ait
1682 4789 1919 4854 homini
1967 4791 2075 4872 qui
2123 4789 2401 4856 habebat
2447 4808 2699 4855 manum
2745 4790 2871 4855 ari-
