3484 5617
399 514 457 573 0.
496 525 544 574 9.
1104 510 1471 583 Euangelium
1510 506 1814 569 secundum
1852 508 2219 567 Matthaeum.
2931 516 3009 580 11

403 728 536 790 saei
584 725 938 790 ieiunamus
987 723 1380 807 frequenter,
1431 724 1726 805 discipuli
1774 727 1989 787 autem
2039 722 2133 787 tui
2178 740 2303 786 non
2350 721 2685 788 ieiunant?
2778 720 2873 786 15.
2922 720 3009 786 Et

396 832 491 896 ait
535 830 663 896 illis
707 829 931 897 Jesus:
1024 828 1351 910 Numquid
1413 832 1681 911 possunt
1737 826 1828 892 fili
1893 827 2110 910 sponsi
2172 828 2458 893 ieiunare
2512 827 2819 909 quamdiu
2869 845 3011 891 cum

400 934 528 1016 illis
575 937 672 999 est
718 933 1038 1016 sponsus?
1094 934 1374 998 Uenient
1419 939 1632 999 autem
1679 933 1839 1015 dieS,
1889 952 2033 999 cum
2081 931 2408 999 auferetur
2456 932 2533 998 ab
2581 932 2674 997 eis
2720 949 3014 1014 sponsuS,

412 1042 479 1102 et
521 1043 675 1103 tunc
706 1037 1083 1103 ieiunabunt
1114 1038 1341 1104 inillis
1375 1039 1621 1104 diebus.
1677 1039 1776 1104 16.
1824 1038 2025 1103 Nemo
2058 1043 2267 1103 autem
2305 1039 2642 1103 committit
2675 1037 3015 1104 scissuram

405 1145 595 1225 panni
629 1144 807 1208 rudis
839 1142 904 1208 in
937 1144 1387 1209 uestimentum
1422 1149 1607 1210 uetus
1635 1167 1649 1218 ;
1697 1143 1872 1208 tollit
1905 1144 2072 1208 enim
2104 1142 2545 1208 fortitudinem
2576 1142 2717 1208 eius
2750 1160 2787 1206 a
2822 1142 3017 1207 uesti-

403 1254 637 1329 mento,
685 1253 752 1314 et
800 1250 979 1330 peior
1023 1246 1095 1313 fit
1126 1249 1429 1313 scissura.
1485 1251 1579 1313 17.
1632 1245 1854 1329 Neque
1898 1247 2161 1313 mittunt
2206 1248 2426 1312 uinum
2457 1266 2691 1312 nouum
2738 1247 2805 1310 in
2829 1248 3007 1311 utres

406 1358 676 1436 uetereS,
726 1354 1009 1435 alioquin
1057 1359 1432 1435 rumpentur
1476 1357 1674 1432 utres,
1724 1358 1790 1417 et
1822 1354 2043 1417 uinum
2080 1351 2457 1431 effundetur,
2508 1355 2572 1417 et
2617 1356 2797 1416 utres
2844 1351 3011 1432 peri·

402 1458 580 1523 bunt.
628 1455 754 1523 Sed
799 1456 1014 1523 uinum
1057 1476 1288 1523 nouum
1337 1457 1402 1521 in
1434 1461 1611 1523 utres
1658 1475 1860 1523 nouos
1909 1458 2187 1535 mittunt,
2238 1460 2303 1520 et
2346 1455 2532 1521 ambo
2563 1456 3007 1522 seruabantur.

408 1565 505 1628 18.
570 1562 748 1627 Haec
803 1561 912 1627 illo
960 1563 1262 1644 loquente
1310 1563 1390 1628 ad
1437 1581 1569 1647 eos,
1633 1580 1783 1627 ecce
1847 1562 2143 1644 princeps
2192 1580 2356 1627 unus
2412 1561 2699 1640 accessit,
2762 1562 3014 1626 nomine

409 1666 448 1732 J
455 1667 653 1749 airus,
700 1673 764 1732 et
797 1668 1105 1733 adorabat
1126 1687 1271 1733 eum
1305 1667 1558 1734 dicens:
1608 1666 1739 1733 filia
1770 1686 1913 1732 mea
1956 1668 2144 1732 modo
2180 1664 2481 1732 defuncta
2521 1671 2652 1743 est3
2701 1666 2815 1733 sed
2845 1666 3016 1749 ueni,

403 1774 652 1855 impone
699 1791 953 1838 manum
996 1793 1190 1854 super
1223 1792 1379 1854 eam,
1429 1778 1496 1839 et
1527 1772 1724 1839 uiuet.
1780 1774 1881 1839 19.
1932 1772 2016 1837 Et
2049 1789 2316 1854 surgens
2364 1770 2578 1852 JesuS,
2626 1770 3055 1854 sequebatur.

410 1896 551 1943 eum
601 1896 740 1942 cum
794 1877 1120 1959 discipulis
1182 1879 1336 1944 suis.
1385 1881 1487 1945 20.
1552 1877 1638 1942 Et
1690 1896 1839 1944 ecce
1901 1876 2128 1941 mulier
2183 1895 2345 1958 quae
2404 1878 2731 1960 sanguinis
2776 1875 3013 1942 fluxum

403 1981 679 2047 habebat
708 1982 851 2047 XII.
900 1984 1104 2056 annis.
1153 1984 1423 2049 accessit
1455 1988 1628 2049 retro
1675 1987 1742 2047 et
1772 1982 1986 2065 tetigit
2031 1983 2482 2048 uestimentum
2540 1982 2700 2048 eius.
2751 1983 2851 2047 21.
2900 1980 3016 2046 Di-

405 2087 588 2151 cebat
634 2088 800 2153 enim
849 2089 1019 2152 intra
1066 2106 1167 2152 se:
1220 2087 1287 2152 Si
1332 2088 1608 2170 tetigero
1656 2093 1903 2153 tantum
1951 2088 2398 2153 uestimentum
2446 2087 2605 2167 eius,
2654 2085 2838 2151 salua
2882 2105 3011 2150 ero,

406 2193 507 2257 22.
560 2193 657 2256 Ad
725 2192 835 2258 ille
908 2210 1253 2258 conuersus
1316 2192 1540 2259 uidens
1611 2211 1752 2257 eam
1803 2191 1993 2258 dixit:
2070 2197 2372 2259 constans
2419 2197 2579 2275 esto,
2643 2189 2793 2270 filia,
2857 2188 3014 2255 fides

402 2303 516 2362 tua
559 2303 626 2362 te
679 2298 924 2363 saluam
969 2296 1141 2363 fecit.
1236 2297 1323 2363 Et
1370 2298 1550 2363 salua
1594 2297 1767 2363 facta
1813 2303 1913 2364 est
1958 2298 2188 2364 mulier
2232 2317 2309 2362 ex
2354 2298 2466 2363 illa
2511 2297 2687 2361 hora.
2779 2296 2881 2360 23.
2929 2294 3015 2360 Et

408 2423 545 2467 cum
612 2404 901 2471 uenisset
946 2402 1140 2471 Jesus
1206 2403 1268 2467 in
1319 2404 1568 2469 domum
1617 2403 1951 2486 principis,
2008 2403 2237 2469 uidens
2297 2402 2594 2468 tibicines
2656 2405 2719 2467 et
2766 2400 3014 2465 turbam

407 2510 898 2574 tumultuantem
947 2509 1234 2574 dicebat:
1293 2510 1395 2575 24.
1444 2507 1772 2588 Recedite,
1821 2528 1948 2575 non
1980 2513 2079 2574 est
2123 2508 2293 2572 enim
2341 2507 2557 2589 puella
2601 2510 2853 2571 mortua
2901 2505 3013 2570 sed

406 2615 658 2680 dormit.
733 2614 820 2679 Et
864 2613 1238 2679 deridebant
1284 2632 1445 2679 eum.
1518 2615 1618 2681 25.
1669 2615 1757 2679 Et
1803 2633 1945 2678 cum
1992 2614 2199 2679 eiecta
2244 2617 2417 2678 esset
2459 2611 2665 2691 turba,
2713 2610 2892 2676 uenit
2937 2615 3005 2675 et

407 2719 618 2783 tenuit
663 2737 919 2783 manum
964 2719 1122 2785 eius.
1217 2718 1301 2784 Et
1362 2718 1638 2784 surrexit
1701 2720 1931 2802 puella.
2023 2720 2123 2785 26.
2175 2719 2263 2783 Et
2323 2719 2458 2783 exit
2505 2716 2676 2783 fama
2747 2717 2903 2782 haec
2948 2716 3013 2780 in

409 2823 778 2887 uniuersam
839 2828 1076 2887 terram
1125 2823 1319 2887 illam.
1413 2825 1514 2889 27.
1580 2823 1667 2887 Et
1723 2827 2097 2889 transeunte
2156 2823 2305 2889 inde
2371 2821 2550 2898 Jesu,
2618 2823 2820 2888 secuti
2867 2825 3017 2888 sunt

410 2946 551 2991 eum
603 2928 725 2992 duo
787 2928 979 3005 caeci,
1051 2927 1399 2992 clamantes
1463 2931 1528 2992 et
1590 2927 1905 2996 dicentes:
1978 2928 2288 2994 Miserere
2341 2928 2565 3012 nostri,
2645 2926 2735 2993 fili
2781 2926 3011 2992 Dauid.

409 3034 510 3097 28.
604 3032 690 3096 Et
733 3032 913 3097 uenit
958 3033 1024 3096 in
1075 3032 1327 3097 domum
1372 3036 1437 3097 et
1482 3040 1890 3099 accesserunt
1947 3033 2027 3099 ad
2074 3052 2216 3098 eum
2264 3035 2387 3099 duo
2436 3035 2633 3099 caeci.
2725 3033 2810 3098 Et
2857 3033 3016 3098 dixit

408 3136 537 3200 illis
584 3136 820 3203 Jesus:
901 3134 1176 3202 Creditis
1225 3137 1392 3219 quod
1441 3156 1697 3220 possum
1746 3139 1902 3203 haec
1948 3138 2208 3204 facere?
2302 3139 2538 3203 Dicunt
2583 3139 2675 3204 ei:
2754 3136 3015 3221 Utique,

412 3242 686 3308 domiue.
780 3244 881 3307 29.
966 3242 1141 3307 Tunc
1203 3244 1420 3325 tetigit
1503 3245 1718 3310 oculos
1796 3263 2012 3310 eorum
2084 3246 2336 3310 dicens:
2413 3244 2758 3309 secundum
2829 3241 3015 3307 fidem

407 3353 686 3412 uestram
738 3346 1067 3430 contingat
1115 3348 1314 3413 uobis.
1363 3350 1466 3414 30.
1518 3348 1602 3414 Et
1648 3350 1853 3432 aperti
1903 3355 2052 3416 sunt
2097 3348 2265 3414 oculi
2312 3348 2601 3427 illorum3
2655 3352 2718 3413 et
2764 3347 3014 3412 commi·

412 3458 601 3517 natus
663 3456 765 3518 est
828 3453 954 3516 illis
1001 3451 1190 3518 Jesus
1240 3453 1496 3520 dicens:
1588 3453 1830 3520 Uidete
1891 3475 1970 3520 ne
2018 3455 2160 3537 quis
2208 3455 2388 3526 sciat.
2454 3438 2583 3520 31.
2655 3451 2755 3516 Illi
2804 3457 3017 3517 autem

410 3562 719 3623 exeuntes
784 3556 1272 3624 diffamauerunt
1334 3578 1479 3624 eum
1541 3561 1606 3625 in
1660 3564 1797 3625 tota
1843 3566 2016 3625 terra
2077 3560 2206 3624 illa.
2298 3561 2402 3624 32.
2450 3558 2747 3641 Egressis
2803 3562 3017 3622 autem

410 3663 559 3742 illis,
622 3681 772 3727 ecce
838 3663 1207 3745 optulerunt
1253 3666 1311 3728 ei
1376 3665 1693 3730 hominem
1754 3671 1997 3731 mutum
2058 3670 2125 3730 et
2170 3666 2430 3731 surdum
2492 3670 2557 3729 et
2618 3662 3013 3728 daemonium

408 3766 767 3834 habentem.
814 3770 916 3833 33.
965 3768 1052 3833 Et
1084 3771 1286 3833 eiecto
1321 3770 1672 3852 daemonic,
1722 3771 1975 3836 locutus
2023 3775 2122 3836 est
2164 3772 2400 3853 mutuS,
2450 3774 2515 3833 et
2547 3770 2814 3833 miratae
2860 3771 3012 3834 sunt

412 3874 658 3952 turbae,
706 3873 1026 3939 dicentes:
1075 3874 1433 3956 Numquam
1481 3875 1698 3940 taliter
1745 3877 2044 3957 apparuit
2091 3877 2155 3940 in
2189 3875 2482 3941 Istrahel.
2531 3875 2633 3939 34.
2686 3873 3014 3938 Pharisaei

413 3983 623 4041 autem
673 3978 1000 4045 dicebant:
1094 3979 1167 4043 In
1215 3981 1505 4045 belzebul
1551 4000 1705 4063 rege
1778 3983 2251 4047 daemoniorum
2301 3981 2450 4046 eicit
2504 3981 2607 4044 hic
2654 3979 3014 4044 daemones.

411 4084 514 4148 35.
564 4082 648 4146 Et
688 4084 1000 4148 circuibat
1042 4084 1235 4149 Jesus
1284 4085 1577 4150 ciuitates
1624 4104 1843 4150 omnes
1874 4090 1939 4150 et
1974 4085 2251 4164 castella,
2302 4086 2535 4150 docens
2580 4089 2645 4150 in
2677 4084 3014 4168 synagogis

413 4206 631 4252 eorum
692 4193 759 4253 et
805 4188 1182 4271 praedicans
1244 4190 1648 4270 euangelium
1711 4191 1895 4272 regni
1957 4195 2022 4254 et
2069 4208 2298 4254 curans
2345 4208 2594 4254 omnem
2648 4189 3014 4271 languorem

412 4296 478 4356 et
524 4312 772 4358 omnem
820 4291 1277 4377 infirmitatem,
1327 4298 1392 4358 et
1441 4294 1620 4359 multi
1669 4296 1873 4359 secuti
1922 4300 2072 4360 sunt
2120 4314 2282 4360 eum.
2361 4295 2464 4361 36.
2514 4293 2759 4360 Uidens
2805 4301 3014 4361 autem

413 4397 653 4477 turbas,
720 4399 1015 4464 misertus
1079 4403 1179 4464 est
1222 4399 1371 4474 illis,
1438 4399 1607 4481 quod
1655 4406 1875 4465 essent
1921 4401 2137 4465 uexati
2197 4409 2262 4465 et
2309 4400 2594 4480 iacentes
2647 4401 2819 4467 sicut
2862 4417 3016 4465 oues

413 4522 540 4567 non
588 4502 899 4571 habentes
946 4508 1289 4587 pastorem.
1337 4506 1440 4570 37.
1491 4506 1666 4570 Tunc
1717 4506 1874 4571 dicit
1911 4506 2239 4588 discipulis
2270 4506 2433 4572 suis:
2482 4506 2717 4571 Messis
2763 4505 3018 4585 quidem

414 4609 630 4690 multa,
679 4610 954 4693 operarii
997 4616 1208 4677 autem
1259 4612 1464 4692 pauci.
1516 4610 1758 4691 Rogate
1828 4630 1979 4693 ergo
2029 4613 2347 4676 dominum
2397 4613 2645 4693 messiS,
2694 4616 2767 4675 ut
2807 4610 3019 4730 mittat

416 4717 744 4794 operarios
790 4717 854 4781 in
897 4735 1167 4784 messem
1218 4735 1414 4785 suam.
2999 4735 3008 4744 ’
