3484 5617
498 491 619 555 130
1285 484 1642 554 Euangelium
1683 483 1984 539 secundum
2022 483 2288 539 Marcum.
2938 477 3000 536 ci
3033 484 3084 533 8.

493 698 613 773 Qui
686 696 1012 761 dixerunt:
1084 695 1357 776 Septem.
1430 699 1489 760 6.
1566 696 1650 759 Et
1724 694 2055 777 praecepit
2120 696 2349 759 turbae
2420 693 2823 758 discumbere
2891 710 3085 773 supra

493 807 768 879 terram3
841 806 907 865 et
954 800 1276 880 accipiens
1323 800 1444 864 VII
1511 818 1731 880 panes,
1796 800 2038 881 gratias
2086 817 2301 879 agens,
2372 799 2718 871 benedixit,
2782 796 2978 879 fregit
3020 801 3083 860 et

492 906 671 970 dedit
718 905 1050 983 discipulis
1098 905 1248 985 suis,
1297 909 1368 969 ut
1398 905 1811 986 adponerent,
1859 904 1940 968 ed
1995 903 2432 985 adposuerunt
2484 903 2710 968 turbis,
2759 905 2817 966 7.
2866 898 3078 965 Habu-

493 1015 680 1074 erunt
711 1015 922 1074 autem
971 1015 1035 1074 et
1082 1010 1239 1073 duos
1274 1008 1619 1090 pisciculos
1669 1014 1735 1074 et
1782 1009 1955 1090 ipsos
1999 1008 2331 1073 benedixit
2374 1013 2439 1073 et
2484 1007 2675 1073 iussit
2721 1006 2972 1088 adponi.
3023 1009 3080 1070 8.

494 1114 579 1177 Et
625 1114 1173 1178 manducauerunt
1219 1118 1285 1176 et
1330 1112 1598 1177 saturati
1647 1117 1815 1194 sunt,
1863 1117 1928 1176 et
1974 1112 2386 1190 sustulerunt,
2421 1112 2593 1192 quod
2639 1113 3078 1193 superauerat,

492 1221 738 1300 septem
787 1222 1046 1299 sportas
1093 1218 1608 1297 fragmentorum.
1658 1219 1716 1280 9.
1753 1217 1959 1281 Erant
1990 1223 2221 1293 autem,
2272 1218 2380 1298 qui
2415 1217 2957 1281 manducauerant
3001 1215 3081 1277 ad

495 1327 802 1403 quattuor
846 1322 1023 1387 milia
1054 1323 1399 1403 hominum,
1446 1329 1511 1386 et
1557 1322 1800 1386 dimisit
1848 1341 1978 1388 000.
2036 1324 2131 1387 10.
2180 1322 2265 1386 Et
2295 1323 2436 1401 ipse
2468 1321 2820 1385 ascendens
2854 1337 3082 1383 nauem

493 1446 628 1490 cum
677 1427 1014 1508 discipulis
1074 1427 1204 1490 suis
1264 1427 1443 1490 uenit
1505 1428 1567 1489 in
1617 1431 1862 1508 partem
1913 1425 2269 1506 Magedam.
2358 1427 2447 1490 ll.
2516 1425 2825 1489 Exierunt
2870 1428 3080 1489 autem

491 1531 819 1595 Pharisaei
867 1538 932 1595 et
976 1537 1326 1612 coeperunt
1386 1533 1761 1612 conquirere
1810 1550 1952 1595 cum
1999 1549 2073 1594 eo
2120 1535 2498 1612 quaerentes
2543 1530 2623 1594 ab
2672 1530 2782 1594 1110
2830 1529 3079 1611 siguum

492 1635 571 1699 de
619 1635 814 1716 eaelo,
863 1641 1251 1717 temptantes
1298 1654 1462 1699 eum.
1536 1638 1628 1699 12.
1693 1635 1780 1698 Et
1828 1636 2152 1717 ingemens
2199 1635 2263 1698 in
2310 1635 2541 1716 spiritu
2592 1636 2715 1698 ait:
2766 1634 2934 1711 Quid
2979 1651 3086 1714 ge·

495 1740 739 1805 neratio
787 1742 1040 1821 quaerit
1085 1742 1382 1823 signum?
1447 1742 1644 1804 Amen
1673 1741 1812 1804 dico
1859 1739 2060 1823 uobi8‚
2131 1740 2185 1804 si
2234 1740 2484 1804 dabitur
2531 1738 2932 1821 generationi
2978 1737 3083 1801 isti

494 1846 766 1926 signum.
846 1846 941 1910 13.
989 1845 1075 1909 Et
1122 1845 1383 1909 missum
1432 1845 1673 1909 faciens
1721 1843 1886 1923 illos,
1934 1850 1997 1909 et
2044 1845 2434 1909 adscendens
2482 1862 2709 1908 nauem
2756 1842 2934 1921 abiit,
2986 1842 3083 1906 14.

494 1954 557 2013 et
603 1949 787 2013 obliti
860 1954 1009 2013 sunt
1078 1968 1285 2014 emere
1358 1967 1572 2030 paneS,
1645 1956 1709 2012 et
1756 1949 1915 2013 nihil
1978 1950 2249 2029 amplius
2314 1948 2653 2026 habebant,
2724 1948 2846 2013 nisi
2892 1965 3085 2010 unum

496 2073 739 2134 panem,
789 2073 972 2134 quem
1022 2072 1238 2119 secum
1286 2054 1609 2118 habebant
1654 2055 1716 2118 in
1765 2072 1950 2118 naue.
2023 2056 2115 2119 15.
2184 2054 2268 2118 Et
2316 2054 2644 2136 praecepit
2689 2054 2785 2117 eis
2832 2052 3084 2117 dicens:

494 2158 734 2223 Uidete
782 2176 820 2222 a
850 2158 1162 2223 fermento
1209 2159 1695 2224 Pharisaeorum
1746 2164 1811 2223 et
1857 2159 2171 2224 fermento
2219 2157 2515 2224 Herodis.
2574 2161 2672 2223 16.
2722 2158 2809 2223 Et
2852 2155 3089 2236 cogita-

493 2264 648 2327 bant
708 2262 787 2326 ad
834 2264 1230 2341 alterutrum,
1294 2265 1461 2345 quod
1511 2282 1708 2345 panes
1771 2283 1895 2329 non
1957 2263 2280 2329 haberent.
2364 2265 2461 2326 17.
2513 2262 2650 2340 Quo
2699 2260 2953 2345 cognito
3000 2260 3091 2325 ait

495 2367 623 2432 illis
653 2367 880 2432 Jesus:
931 2369 1097 2445 Quid
1130 2369 1426 2450 cogitatis
1474 2369 1539 2434 in
1586 2369 1886 2433 cordibus
1917 2369 2174 2446 uestriS,
2224 2370 2373 2449 quia
2405 2385 2601 2450 panes
2632 2386 2756 2431 non
2787 2364 3039 2430 habetis
3059 2364 3091 2427 Ῥ

495 2474 772 2537 nondum
836 2471 1213 2557 intelligitis,
1282 2492 1399 2538 nec
1461 2473 1875 2556 perspicitis?
1936 2474 2029 2538 sic
2089 2473 2317 2537 obtusa
2379 2477 2530 2537 sunt
2591 2472 2784 2537 corda
2830 2468 3091 2535 uestra?

504 2579 597 2642 18.
649 2577 866 2642 oculos
912 2578 1243 2656 habenteS,
1313 2598 1437 2642 000
1483 2577 1774 2642 uidetis?
1842 2581 1909 2641 et
1971 2594 2157 2642 aures
2220 2577 2549 2655 habentes,
2616 2594 2743 2641 non
2804 2573 3091 2640 auditis?

495 2681 629 2746 Nec
675 2681 1055 2746 meministis
1126 2683 1202 2746 de
1249 2684 1303 2748 V
1352 2683 1640 2763 panibus,
1715 2684 1815 2747 19.
1889 2700 2044 2764 quos
2089 2680 2250 2763 fregi
2319 2682 2384 2744 in
2430 2683 2707 2764 quinque
2754 2679 2933 2745 milia
2975 2681 3088 2744 ho-

497 2787 784 2850 minum?
854 2805 935 2851 ex
995 2787 1223 2868 quibus
1293 2791 1450 2867 quot
1526 2785 1833 2868 cophinos
1900 2787 2403 2869 fragmentorum
2471 2787 2760 2851 tulistis?
2831 2784 2929 2850 Ad
2996 2784 3089 2848 illi

498 2891 794 2955 dixerunt
839 2890 979 2955 v11.
1051 2894 1152 2955 21.
1221 2892 1308 2956 Et
1356 2892 1447 2956 ait
1492 2890 1652 2956 illis:
1732 2892 2046 2972 quomodo
2107 2909 2231 2955 non
2293 2891 2760 2956 intellexistis?
2828 2892 2931 2955 22.
3003 2890 3087 2955 Et

496 2998 815 3059 uenerunt
871 2995 1262 3073 Betsaidam‚
1324 3003 1390 3061 et
1451 2994 1754 3061 adferunt
1801 2997 1859 3060 01
1907 3014 2185 3073 caecum,
2250 2999 2315 3059 et
2377 3002 2763 3077 rogauerunt
2807 3013 2972 3074 eum,
3019 2998 3092 3058 ut

496 3098 669 3164 illum
713 3104 1028 3180 tangeret.
1096 3102 1196 3164 23.
1247 3101 1333 3165 Et
1379 3101 1806 3182 adprehendit
1850 3119 2102 3165 manum
2151 3099 2326 3165 caeci
2375 3105 2441 3167 et
2487 3100 2670 3164 duxit
2716 3120 2857 3164 eum
2907 3104 3090 3164 extra

494 3203 725 3286 uicum,
773 3222 1091 3286 exspuens
1138 3205 1201 3267 in
1250 3205 1469 3270 oculos
1515 3205 1654 3269 eius
1700 3210 1766 3270 et
1811 3205 2128 3285 impositis
2161 3205 2456 3269 manibus
2487 3204 2604 3288 illi,
2651 3205 3089 3285 interrogabat

497 3307 696 3384 illum,
745 3307 801 3369 si
848 3307 1087 3388 aliquid
1135 3309 1407 3373 uideret.
1473 3311 1574 3373 24.
1638 3311 1723 3374 Et
1771 3308 2086 3391 aspiciens
2133 3310 2253 3373 ait:
2321 3309 2527 3374 Uideo
2575 3292 2864 3374 homines
2914 3309 3091 3373 uelut

498 3412 759 3475 arbores
806 3411 1224 3477 ambulantes,
1276 3416 1376 3478 25.
1425 3412 1511 3477 Et
1555 3414 1787 3479 iterum
1837 3415 2139 3495 imposuit
2184 3431 2410 3479 manus
2443 3432 2637 3497 super
2667 3414 2882 3479 oculos
2930 3414 3088 3489 0100,

496 3521 562 3581 et
607 3514 921 3596 impositis
989 3518 1299 3595 manibus,
1363 3518 1575 3600 coepit
1642 3519 1863 3583 uidere
1910 3524 1975 3582 et
2020 3520 2358 3584 restitutus
2420 3524 2537 3598 est,
2586 3521 2677 3584 ita
2721 3525 2794 3584 ut
2837 3519 3091 3583 uideret

499 3621 669 3685 clare
716 3621 944 3685 omnia.
1017 3622 1116 3687 26.
1184 3621 1272 3685 Et
1318 3623 1556 3687 dimisit
1601 3623 1783 3688 illum
1830 3623 1895 3687 in
1944 3622 2195 3688 domum
2242 3643 2422 3689 suam
2474 3625 2725 3690 dicens:
2795 3623 2978 3688 Uade
3025 3623 3091 3687 in

498 3726 748 3790 domum
795 3728 992 3799 tuam,
1042 3731 1107 3790 et
1138 3727 1192 3790 si
1230 3728 1293 3791 in
1328 3728 1470 3792 uico
1520 3727 1865 3805 introieris
1911 3729 2149 3792 nemini
2197 3728 2452 3794 dixeris.
2501 3731 2602 3794 27.
2652 3728 2738 3792 Et
2767 3726 3093 3811 profectus

496 3834 592 3895 est
659 3828 853 3894 Jesus
925 3833 990 3894 et
1059 3831 1354 3912 discipuli
1424 3832 1561 3896 eius
1624 3832 1689 3895 in
1762 3831 2081 3897 Caesarea
2150 3833 2451 3914 Philippi,
2522 3838 2588 3897 et
2653 3831 3093 3914 interrogabat

496 3934 847 4014 discipulos
907 3950 1058 4000 suos
1105 3937 1169 3999 in
1238 3938 1344 4000 uia
1417 3938 1667 4003 dicens:
1729 3956 1914 4018 quem
1979 3956 2080 4002 me
2140 3938 2359 4003 dicunt
2417 3938 2704 4003 homines
2750 3937 2938 4002 esse?
2984 3937 3088 4002 28.

497 4038 984 4120 Responderunt
1030 4040 1123 4104 illi
1173 4043 1490 4107 dicentes:
1539 4041 1875 4106 Johannen
1910 4044 2295 4125 Baptistam,
2358 4043 2468 4108 alii
2518 4042 2746 4119 Eliam‚
2795 4042 2903 4105 alii
2940 4060 3091 4106 uero

497 4142 679 4223 quasi
728 4163 918 4207 unum
983 4163 1059 4208 ex
1107 4145 1457 4226 prophetis.
1530 4149 1632 4211 29.
1680 4147 1859 4212 Το00
1906 4147 2062 4213 dicit
2108 4146 2268 4212 illis:
2339 4147 2473 4211 Uos
2521 4166 2697 4224 uero,
2760 4164 2943 4227 quem
2990 4163 3092 4210 me

499 4247 710 4311 dicitis
743 4249 932 4312 esse?
979 4249 1062 4313 Et
1109 4251 1504 4333 respondens
1531 4252 1765 4316 Petrus
1813 4252 1905 4315 ait
1949 4251 2040 4316 ei:
2088 4252 2184 4315 Tu
2231 4268 2300 4316 es
2348 4250 2641 4317 Christus
2684 4250 2878 4315 Jesus
2923 4248 3093 4314 filius

498 4350 598 4414 dei
649 4350 799 4414 uiui.
862 4355 965 4418 30.
1015 4354 1100 4420 Et
1145 4356 1563 4420 comminatus
1610 4362 1709 4420 est
1784 4356 1898 4434 eis,
1946 4374 2026 4418 ne
2072 4355 2172 4419 cui
2223 4356 2509 4420 dicerent
2552 4356 2632 4421 de
2675 4354 2805 4419 illo.
2852 4356 2958 4419 31.
3005 4354 3095 4419 Et

496 4456 706 4535 coepit
775 4456 1001 4522 docere
1069 4460 1233 4534 illos,
1310 4460 1603 4540 quoniam
1668 4464 1922 4541 oportet
1981 4457 2150 4524 filius
2213 4460 2485 4524 hominis
2547 4460 2758 4524 omnia
2823 4459 2958 4540 pati
3027 4462 3094 4521 et

502 4559 830 4641 reprobari
878 4579 915 4624 a
964 4564 1319 4628 senioribus
1367 4569 1431 4628 et
1477 4582 1515 4627 a
1562 4565 1827 4628 summis
1867 4564 2306 4629 sacerdotibus
2354 4569 2420 4628 et
2451 4563 2654 4628 occidi
2701 4566 2766 4626 et
2789 4564 2937 4642 post
2958 4566 3091 4626 tres

499 4662 633 4726 dies
681 4681 1038 4747 resurgere.
1102 4667 1205 4731 32.
1270 4666 1355 4731 Et
1399 4667 1604 4748 palam
1671 4669 1938 4732 uerbum
2001 4667 2400 4749 loquebatur.
2468 4668 2669 4745 Quem
2729 4668 3092 4748 suscipiens

499 4766 747 4847 Petrus,
797 4769 1008 4851 coepit
1051 4771 1389 4854 increpare
1434 4771 1688 4838 dicens:
1735 4772 1990 4838 domine
2035 4773 2354 4854 propitius
2396 4778 2559 4855 estc,
2608 4789 2755 4836 nam
2800 4769 2921 4836 hoc
2964 4787 3092 4833 non
