3484 5617
398 585 455 639 C.
497 589 575 637 12.
1225 578 1421 647 Euang
1453 577 1584 631 lium
1623 576 1922 631 secundum
1960 576 2225 631 Marcum.
2864 579 2985 645 137

395 794 643 871 derunt,
669 796 735 855 et
762 788 978 871 plures
1027 787 1188 851 alios
1235 787 1540 870 quosdam
1568 787 1937 851 ceciderunt
1958 788 2265 869 quosdam
2311 806 2461 852 uero
2499 787 2884 852 occiderunt.
2933 790 2990 854 6.

312 939 316 943 -
395 896 622 960 Adhuc
645 913 838 958 unum
866 893 1107 957 habens
1132 891 1331 956 filium
1359 891 1801 956 charissimum
1829 892 2079 958 dicens:
2106 891 2399 957 Forsitan
2426 891 2625 957 filium
2650 910 2857 957 meum
2883 913 2990 957 ue-

392 1000 718 1064 rebuntur.
769 998 832 1061 7,
881 995 1103 1061 Coloni
1129 1001 1338 1061 autem
1373 996 1672 1062 dixerunt
1694 997 1775 1061 ad
1805 997 2119 1062 inuicem:
2165 997 2285 1062 Hic
2318 1000 2415 1062 est
2445 995 2699 1080 haeres3
2752 1001 2991 1076 uenite,

272 1089 276 1092 Α
393 1103 854 1168 occidamus..
905 1106 971 1164 et
1004 1104 1222 1165 nostra
1263 1101 1390 1165 erit
1421 1100 1807 1165 haereditas.
1857 1102 1916 1165 8.
1964 1101 2049 1164 Et
2098 1101 2568 1183 adprehensum
2620 1100 2995 1179 occiderunt

392 1213 576 1272 extra
622 1205 895 1272 niueam.
943 1207 1002 1270 9.
1039 1205 1206 1282 Quid
1238 1224 1389 1286 ergo
1418 1205 1609 1270 saciet
1632 1205 1926 1271 dominus
1949 1206 2200 1285 uineae,
2243 1207 2390 1271 dum
2417 1207 2708 1271 uenerit?
2753 1206 2852 1270 Ad
2899 1205 2988 1271 illi

391 1313 691 1376 dixerunt
722 1311 814 1375 ei:
849 1310 1054 1375 Malos
1090 1309 1252 1374 male
1287 1310 1512 1391 perdet
1541 1314 1608 1374 et
1639 1310 1889 1374 niueam
1924 1327 2104 1374 suam
2134 1309 2374 1376 locabit
2401 1310 2549 1375 aliis
2583 1310 2841 1377 colonis.
2883 1313 2985 1377 10.

391 1415 450 1479 N
453 1436 525 1480 ec
552 1417 935 1496 scripturam
960 1414 1121 1480 hanc
1144 1414 1419 1495 legistis:
1471 1414 1767 1496 lapidem,
1795 1432 1980 1494 quem
2020 1415 2525 1495 reprobaueruut
2557 1413 2987 1495 aedificantes

390 1520 492 1585 hic
538 1519 747 1585 factus
792 1525 892 1584 est
937 1519 1001 1583 in
1047 1522 1244 1600 caput
1290 1518 1524 1599 anguli.
1584 1521 1681 1583 11.
1731 1518 1788 1582 Α
1834 1517 2087 1582 domino
2136 1517 2346 1583 factus
2392 1523 2493 1584 est
2537 1524 2604 1583 et
2645 1518 2982 1589 est-auita·-

390 1624 535 1688 bilis
582 1626 647 1688 in
694 1624 894 1688 oculis
941 1624 1192 1707 nostris.
1261 1625 1361 1687 12.
1422 1624 1508 1687 Et
1569 1623 1968 1704 quaerebant
2026 1640 2170 1686 eum
2230 1627 2451 1688 tenere
2509 1629 2575 1688 et
2638 1625 2988 1688 timuerunt

388 1730 677 1806 turbain3
727 1733 1161 1810 cognonen-ant
1206 1729 1373 1793 enim
1420 1727 1719 1809 quoniam
1770 1727 1847 1808 de
1893 1729 1987 1792 eis
2033 1727 2401 1810 parabolam
2469 1728 2634 1792 hanc
2681 1728 2984 1802 dixisset;

390 1834 498 1914 qui
547 1833 775 1899 relicto
824 1852 899 1896 eo
970 1832 1285 1896 abierunt.
1362 1835 1457 1897 13.
1533 1832 1806 1898 Mittunt
1866 1831 1960 1896 illi
2029 1832 2462 1913 quosdamex
2509 1831 2876 1898 Pharisaeis
2923 1837 2989 1897 et

390 1937 799 2020 Herodianis,
849 1944 919 2001 ut
965 1957 1109 2001 eum
1158 1942 1459 2018 caperent
1502 1937 1565 2000 in
1614 1935 1831 2000 uerbo.
1896 1940 1992 2001 14.
2039 1936 2127 1999 Et
2170 1936 2267 1999 illi
2315 1936 2665 2020 uenientes,
2715 1938 2983 2001 interro.-

389 2043 625 2121 gabaut
670 2060 813 2105 eum
880 2041 1146 2105 subdole
1227 2041 1542 2106 diceutes:
1605 2043 1929 2123 magister,
1994 2041 2247 2120 scimuS‚
2296 2042 2592 2122 quoniam
2639 2059 2835 2106 uerax
2893 2059 2986 2120 eS,

389 2155 456 2210 et
501 2166 623 2211 non
671 2165 859 2211 curas
928 2165 1303 2229 quemquam
1375 2165 1491 2211 nec
1561 2147 1727 2211 enim
1801 2145 2047 2228 accipis
2109 2144 2336 2210 faciem
2398 2145 2691 2221 hominis,
2761 2146 2984 2220 sedin

389 2252 724 2316 ueritatem
752 2253 918 2316 uiam
947 2253 1047 2315 dei
1082 2253 1290 2316 doces
1342 2251 1463 2316 Dic
1487 2270 1639 2333 ergo
1673 2251 1890 2314 nobis:
1941 2251 2006 2315 Si
2032 2249 2185 2314 licet
2217 2251 2354 2314 dari
2391 2250 2700 2314 tributum
2732 2251 2980 2315 caesari

388 2358 715 2420 autnon?
792 2358 884 2421 15.
961 2356 1056 2420 Ad
1106 2356 1300 2422 Jesus
1361 2374 1499 2421 cum
1568 2355 1840 2419 uidisset
1901 2357 2252 2420 uersutiam
2321 2353 2596 2431 illorum,
2657 2355 2748 2418 ait
2818 2355 2983 2421 illis:

388 2461 554 2537 Quid
601 2474 701 2524 me
748 2461 1126 2542 temptatis?
1188 2460 1435 2526 adferte
1481 2460 1636 2524 mihi
1685 2460 2036 2537 denarium,
2101 2465 2173 2523 ut
2219 2459 2493 2523 uideam.
2584 2462 2674 2523 16.
2745 2460 2845 2523 Ad
2892 2459 2984 2523 illi

387 2565 774 2629 adtulerunt.
824 2565 932 2630 Ait
976 2565 1140 2631 illis:
1190 2564 1389 2629 Cuius
1437 2570 1536 2630 est
1583 2564 1788 2645 figura
1835 2564 1992 2628 haec
2031 2567 2097 2626 et
2143 2563 2525 2644 inscriptio?
2573 2563 2809 2628 Dicunt
2854 2562 2981 2627 illi:

386 2671 686 2733 caesaris,
766 2670 859 2732 17.
924 2669 1344 2749 Responde-ns
1413 2675 1626 2735 autem
1696 2668 1892 2733 Jesus
1965 2667 2125 2730 (lixit
2191 2667 2351 2731 illis:
2425 2667 2698 2731 Reddite
2769 2667 2986 2748 igitur,

387 2790 548 2852 quae
593 2778 741 2836 sunt
801 2775 1101 2850 caesariS,
1166 2775 1431 2851 caesari,
1492 2778 1557 2838 et
1626 2791 1793 2852 quae
1856 2776 2009 2835 sunt
2067 2772 2191 2847 dei,
2241 2772 2380 2835 deo.
2455 2770 2543 2835 Et
2588 2769 2986 2836 mirabantur

386 2877 798 2942 uehementer
844 2876 905 2939 in
954 2896 1335 2958 responeum
1385 2881 1545 2943 eiuS.
1620 2879 1714 2944 18.
1782 2877 1869 2941 Et
1916 2879 2238 2940 uenerunt
2285 2875 2362 2939 ad
2410 2893 2555 2938 eum
2603 2874 2978 2957 Sadducaei,

387 2984 491 3063 qui
544 2983 785 3062 dicunt,
835 3001 957 3045 uon
1006 3000 1147 3046 esse
1196 2984 1751 3064 resurrectionem,
1823 2986 1889 3044 et
1936 2981 2421 3062 interrogabant
2466 2997 2608 3044 eum
2656 2980 2980 3044 dicentes:

390 3088 484 3150 19.
533 3086 866 3167 Magister,
933 3087 1185 3170 Moyses
1250 3090 1434 3152 nobis
1482 3089 1760 3167 scripsit,
1837 3091 1909 3152 ut
1955 3087 2008 3150 si
2057 3086 2239 3150 cuius
2285 3084 2483 3150 frater
2528 3085 2877 3150 decesserit
2921 3091 2986 3150 et

382 3190 683 3254 habuerit
741 3208 998 3254 uxorem
1064 3197 1130 3255 et
1177 3189 1342 3257 filios
1403 3211 1529 3256 non
1590 3191 1943 3273 reliquerit,
2007 3197 2080 3256 ut
2140 3191 2415 3272 accipiat
2478 3190 2678 3254 frater
2724 3208 2982 3255 uxorem

383 3297 521 3359 eius
568 3300 634 3359 et
682 3297 1063 3360 rescuscitet
1132 3316 1347 3362 semen
1418 3296 1601 3362 fratri
1673 3315 1812 3362 suo.
1889 3298 1990 3360 20.
2064 3296 2349 3359 Fuerunt
2421 3313 2572 3377 ergo
2640 3300 2797 3376 aput
2846 3315 2981 3361 nos

383 3407 624 3482 septem
674 3400 928 3478 fratres,
978 3405 1044 3463 et
1090 3401 1333 3482 primus
1381 3401 1631 3482 accepit
1679 3419 1937 3465 uxorem
1987 3405 2054 3464 et
2098 3406 2388 3464 mortuus
2422 3403 2540 3477 est,
2590 3417 2714 3463 non
2746 3399 2974 3464 relicto

383 3507 639 3570 semine.
691 3509 790 3569 21.
846 3505 929 3568 Et
974 3506 1293 3570 secundus
1344 3505 1589 3585 accepit
1638 3522 1773 3568 eam
1824 3508 1889 3567 et
1934 3508 2226 3568 mortuus
2260 3508 2379 3584 est,
2431 3508 2495 3566 et
2543 3522 2665 3568 non
2700 3503 2974 3584 reliquid

383 3627 619 3671 semen.
671 3610 757 3671 Et
801 3611 1033 3672 tertius
1074 3660 1084 3670 .
1128 3660 1140 3672 .
1183 3661 1195 3672 .
1235 3627 1372 3671 eam
1425 3658 1439 3672 .
1483 3660 1492 3670 .
1537 3659 1548 3672 .
1608 3610 1690 3671 22
1729 3659 1741 3671 .
1786 3659 1797 3671 .
1838 3659 1851 3673 .
1914 3626 2069 3673 uero
2117 3614 2182 3671 et
2228 3602 2462 3671 mulier
2510 3606 2812 3671 defuncta
2859 3611 2979 3684 est,

388 3714 490 3773 23.
540 3713 612 3774 In
663 3713 1136 3774 resurrectione
1174 3762 1185 3774 .
1229 3764 1241 3775 .
1284 3762 1297 3775 .
1335 3713 1459 3775 erit
1506 3712 1708 3774 uxor?
1759 3716 2002 3792 septem
2051 3712 2219 3775 enim
2280 3730 2499 3774 eorum
2557 3711 2732 3775 illam
2780 3710 2979 3776 habu-

383 3821 572 3878 erunt
618 3833 898 3880 uxorem.
961 3817 1060 3878 24.
1109 3814 1197 3878 Et
1244 3817 1634 3896 respondens
1680 3814 1875 3879 Jesus
1907 3817 2000 3880 ait
2044 3815 2216 3880 illis:
2268 3815 2495 3878 Nonne
2540 3815 2692 3879 ideo
2731 3816 2979 3879 erratis.

383 3939 505 3984 non
558 3918 987 4000 intelligentes
1057 3918 1427 4001 scripturas,
1476 3937 1684 4000 neque
1731 3921 2035 3984 uirtutem
2084 3920 2236 3984 dei?
2273 3968 2286 3983 .
2327 3967 2340 3980 .
2386 3970 2396 3981 .
2433 3921 2517 3986 25
2555 3973 2569 3986 .
2610 3971 2623 3985 .
2663 3967 2677 3982 .
2739 3919 2983 3984 nubunt

381 4041 587 4105 neque
656 4024 998 4102 nubuntur,
1068 4024 1181 4086 sed
1228 4030 1419 4087 erunt
1489 4024 1656 4088 sicut
1725 4023 1936 4104 angeli
1988 4024 2049 4088 iu
2114 4022 2311 4089 caelo
2390 4025 2491 4088 26.
2576 4025 2673 4087 De
2716 4025 2983 4089 mortuis

381 4136 613 4205 autem,
682 4126 848 4207 quod
921 4134 1263 4209 resurgant
1328 4146 1453 4193 non
1523 4129 1775 4211 legistis
1846 4128 1909 4192 iu
1979 4128 2141 4193 libro
2212 4127 2414 4211 Moysi
2487 4147 2680 4209 super
2752 4128 2981 4194 rubum

380 4234 693 4314 quomodo
767 4232 1001 4296 dixerit
1062 4231 1189 4296 illi:
1259 4234 1418 4298 deus
1470 4232 1790 4299 Abraham
1840 4239 1904 4298 et
1950 4235 2110 4298 deus
2180 4233 2322 4297 Isac
2383 4239 2451 4297 ot
2515 4234 2678 4300 ¹deus
2722 4234 2974 4299 Jacob?

379 4341 481 4402 27.
534 4338 671 4402 Nou
720 4342 821 4403 est
867 4338 1024 4401 deus
1072 4345 1464 4402 mortuorum
1511 4339 1623 4403 sed
1672 4338 2007 4415 uiuorum3
2059 4357 2172 4403 uos
2207 4356 2356 4418 ergo
2405 4337 2675 4401 multum
2720 4339 2975 4404 erratis,

378 4444 481 4508 28.
547 4442 631 4507 Et.
677 4443 991 4507 accedens
1051 4460 1215 4506 unus
1263 4443 1343 4507 de
1388 4443 1637 4525 scribiS‚
1711 4444 1819 4524 qui
1870 4444 2165 4507 audierat
2227 4441 2371 4505 illos
2419 4441 2873 4521 conquirentes
2919 4447 2985 4514 ‚et

380 4548 623 4624 uidenS,
674 4547 972 4630 quoniam
1043 4546 1207 4610 bene
1279 4545 1407 4611 illis
1492 4548 1918 4627 responderit,
2006 4546 2445 4626 interrogabat
2515 4564 2660 4609 eum
2731 4546 2979 4612 diceus:

380 4650 719 4728 Magister,
792 4653 957 4732 quod
1025 4655 1127 4715 est
1209 4653 1482 4733 primum
1555 4650 2017 4733 praeceptum?
2108 4652 2209 4715 29.
2281 4649 2701 4731 Respondens
2768 4657 2982 4715 autem

377 4754 589 4829 Jesus,
642 4756 804 4819 dixit
850 4757 926 4847 ad
977 4773 1157 4822 eum:
1209 4757 1485 4819 omnium
1544 4758 1849 4836 primum:
1925 4754 2091 4819 Audi
2128 4752 2422 4830 Istrahel,
2471 4751 2765 4820 dominus
2814 4755 2972 4820 deus

378 4864 602 4924 noster
646 4878 819 4927 unus,
858 4866 983 4941 est;
1054 4862 1156 4927 30.
1206 4868 1269 4925 et
1316 4861 1549 4942 diliges
1613 4861 1935 4926 dominum
2008 4860 2216 4925 deum
2245 4865 2428 4942 tuum
2473 4874 2553 4922 ex
2601 4861 2737 4922 toto
2774 4859 2979 4928 ‚corde
