3484 5617
590 449 676 512 20
1334 442 1697 509 Euangelium
1734 440 2038 495 secundum
2075 439 2433 496 Matthaeum.
3008 440 3063 493 C.
3111 448 3199 497 14.

594 673 788 738 panes
834 660 902 721 et
947 653 1102 720 duos
1149 654 1377 737 pisces,
1450 651 1574 719 ’18.
1625 654 1710 718 Et
1758 653 1850 717 ait
1894 651 2120 718 Jesus:
2177 652 2436 719 Adferte
2483 671 2590 716 eos
2640 652 2720 718 ad
2765 671 2884 716 me.
2963 653 3056 717 19.
3108 652 3200 717 Et

592 779 729 825 cum
776 760 1077 825 iussisset
1121 765 1369 825 turbam
1438 759 1836 824 discumbere
1907 777 2100 841 supra
2147 756 2383 841 fenum,
2431 757 2713 839 acceptis
2761 759 3038 839 quinque
3083 776 3198 840 pa-

593 864 778 931 nibus
825 870 889 930 et
935 865 1182 930 duobus
1230 865 1536 946 piscibus,
1599 865 1918 945 aspiciens
1967 866 2030 928 in
2077 864 2340 940 caelum,
2406 863 2734 931 benedixit
2781 869 2844 927 et
2887 862 3078 942 fregit
3128 868 3199 926 et

595 972 771 1035 dedit
821 970 1149 1051 discipulis
1197 969 1348 1048 suis,
1400 969 1694 1051 discipuli
1744 972 1956 1033 autem
2020 974 2373 1049 posuerunt
2405 970 2641 1034 turbis.
2736 970 2837 1034 20.
2888 967 2971 1031 Et
3015 985 3194 1031 man-

595 1077 993 1141 ducauerunt
1040 1093 1256 1140 omnes
1305 1080 1370 1139 et
1416 1076 1687 1140 saturati
1737 1078 1904 1139 sunt.
1952 1075 2040 1139 Et
2084 1074 2390 1156 reliquias
2438 1075 2834 1157 collegerunt
2877 1073 3200 1154 fragmen-

595 1186 801 1246 torum
848 1181 1184 1246 duodecim
1230 1179 1464 1244 cofinos
1506 1180 1746 1262 plenos.
1796 1180 1898 1243 21.
1933 1178 2457 1244 Manducantium
2488 1185 2702 1245 autem
2735 1179 2860 1243 fuit
2890 1196 3199 1242 numerus

601 1286 655 1351 V
704 1286 879 1351 milia
924 1282 1204 1349 uirorum
1232 1286 1517 1366 exceptis
1556 1282 1774 1367 pueris
1799 1291 1865 1347 et
1889 1284 2277 1350 mulieribus.
2312 1287 2414 1349 22.
2443 1285 2528 1350 Et
2550 1284 2769 1349 statim
2793 1283 2987 1348 Jesus
3010 1284 3200 1349 iussit

597 1389 942 1472 discipulos
975 1407 1124 1454 suos
1147 1389 1491 1454 ascendere
1518 1388 1581 1452 in
1608 1388 1966 1452 nauiculam
1994 1391 2059 1451 et
2083 1388 2467 1469 praecedere
2493 1393 2668 1453 trans
2692 1371 2950 1465 fretum,
2999 1387 3197 1452 donec

597 1496 738 1577 ipse
809 1495 1164 1560 dimitteret
1230 1494 1470 1559 turbas.
1564 1496 1666 1559 23.
1718 1494 1804 1558 Et
1852 1492 2115 1558 dimissa
2181 1494 2369 1557 turba
2438 1495 2726 1558 ascendit
2785 1493 2848 1555 in
2918 1498 3188 1556 montem

599 1600 771 1666 solus
820 1617 1021 1664 orare.
1068 1598 1359 1681 Uespere
1409 1604 1617 1664 autem
1667 1596 1840 1663 facto
1889 1597 2063 1664 solus
2110 1602 2248 1663 erat
2294 1597 2399 1663 ibi.
2475 1601 2576 1664 24.
2624 1598 2939 1662 Nauicula
2986 1601 3200 1660 autem

603 1704 838 1768 iamin
908 1705 1118 1768 medio
1189 1703 1345 1767 mari
1418 1702 1781 1768 iactabatur
1852 1722 1890 1767 a
1956 1700 2275 1779 fluctibuS,
2347 1707 2484 1767 erat
2549 1703 2717 1767 enim
2776 1702 2908 1768 illis
2966 1708 3203 1765 uentus

596 1809 1026 1875 aduersarius.
1119 1809 1222 1875 25.
1290 1808 1536 1886 Quarta
1605 1814 1821 1872 autem
1890 1807 2109 1887 uigilia
2178 1809 2382 1873 noctis
2453 1811 2631 1873 uenit
2699 1808 2776 1872 ad
2848 1826 2957 1872 eos
3002 1805 3200 1871 Jesus

594 1913 926 1979 ambulans
973 1932 1169 1996 supra
1214 1932 1410 1978 mare.
1461 1915 1563 1979 26.
1611 1912 1928 1977 Uidentes
1963 1918 2176 1977 autem
2208 1911 2383 1978 illum
2414 1912 2661 1977 turbati
2694 1916 2845 1978 sunt
2874 1910 3195 1978 dicentes:

598 2015 761 2093 Quia
806 2016 1121 2083 fantasma
1169 2021 1299 2096 est3
1351 2023 1416 2083 et
1461 2036 1616 2100 prae
1659 2019 1886 2082 timore
1934 2017 2389 2081 clamauerunt.
2463 2016 2966 2107 2748tatimque
3010 2017 3204 2082 Jesus

597 2123 848 2189 locutus
919 2128 1018 2189 est
1086 2121 1214 2188 illis
1279 2122 1529 2189 dicens:
1581 2121 1964 2188 Constantes
2029 2125 2255 2203 estote,
2326 2122 2522 2188 nolite
2571 2123 2815 2199 timere,
2877 2140 2992 2203 ego
3040 2140 3197 2185 sum.

597 2230 700 2294 28.
772 2227 1186 2310 Respondens
1254 2233 1464 2293 autem
1525 2228 1584 2291 ei
1633 2227 1860 2293 Petrus
1941 2228 2143 2293 dixit:
2194 2228 2462 2306 domine,
2534 2227 2589 2291 si
2632 2231 2704 2291 tu
2747 2244 2835 2305 ea,
2905 2227 3054 2290 iuue
3102 2244 3202 2290 me

599 2335 818 2399 uenire
863 2333 945 2397 ad
993 2337 1056 2396 te
1102 2350 1295 2415 super
1364 2350 1616 2414 aquam.
1710 2334 1813 2398 29.
1863 2332 1960 2396 Ad
2010 2333 2148 2414 ipse
2193 2331 2314 2397 ait:
2377 2331 2565 2397 Ueni.
2656 2331 2742 2395 Et
2808 2330 3199 2396 descendens

608 2439 835 2503 Petrus
882 2439 961 2502 de
1005 2437 1303 2502 nauicula
1374 2436 1737 2502 ambulabat
1807 2456 2000 2518 super
2068 2456 2315 2519 aquarn,
2389 2443 2458 2502 ut
2532 2436 2785 2501 ueniret
2830 2437 2910 2500 ad
2955 2435 3192 2500 Jesum.

604 2545 708 2609 30.
754 2542 1000 2608 Uidens
1049 2561 1201 2607 uero
1249 2548 1504 2607 uentum
1556 2541 1835 2605 ualidum
1882 2540 2114 2620 timuit,
2163 2546 2228 2606 et
2273 2560 2409 2605 cuni
2460 2542 2775 2621 coepisset
2808 2540 3026 2621 mergi,
3071 2540 3184 2603 cla-

608 2648 808 2711 mauit
854 2647 1105 2713 dicens:
1157 2648 1408 2712 domine
1471 2647 1714 2712 saluum
1765 2666 1863 2711 me
1908 2645 2027 2711 fac.
2106 2650 2205 2712 31.
2254 2647 2340 2711 Et
2388 2647 2686 2712 continuo
2733 2645 2929 2710 Jesus
2975 2648 3183 2709 exten-

605 2751 758 2816 dens
794 2769 1045 2815 manum
1092 2751 1556 2832 adpraehendit
1602 2771 1745 2816 eum
1794 2755 1860 2816 et
1889 2751 1981 2815 ait
2028 2750 2159 2816 illi:
2210 2749 2502 2817 Modicae
2548 2748 2728 2815 fidei!
2778 2770 2977 2831 quare
3026 2748 3196 2814 dubi-

599 2855 803 2920 tasti?
848 2853 951 2921 32.
1000 2855 1087 2921 Et
1135 2875 1273 2921 cum
1322 2857 1716 2922 ascendisset
1760 2857 1826 2920 in
1871 2856 2253 2935 nauiculam,
2301 2856 2580 2921 cessauit
2627 2860 2874 2920 uentus.
2922 2857 3023 2920 33.
3077 2853 3200 2930 Qui

600 2966 810 3025 autem
860 2963 924 3026 iu
971 2960 1269 3026 nauicula
1314 2966 1513 3039 erant,
1562 2964 1878 3026 uenerunt
1908 2967 1973 3026 et
2005 2960 2443 3026 adorauerunt
2488 2980 2628 3024 eum
2665 2960 2981 3025 dicentes:
3031 2957 3206 3023 Uere

600 3063 769 3130 filius
803 3064 904 3131 dei
960 3084 1029 3130 es
1081 3071 1168 3132 tu.
1218 3063 1318 3130 34.
1366 3064 1644 3129 Etcum
1705 3064 2251 3143 transfretassent,
2301 3069 2614 3129 uenerunt
2673 3064 2739 3130 in
2785 3065 3018 3128 terram
3080 3061 3204 3127 Ge-

601 3187 810 3234 nesar.
860 3165 962 3236 35.
1027 3169 1113 3233 Et
1175 3189 1313 3234 cum
1362 3170 1814 3251 cognouissent
1850 3188 1990 3234 eum
2056 3169 2178 3233 uiri
2225 3169 2418 3247 illius,
2479 3168 2833 3236 adorabant
2890 3186 3055 3235 eum.
3119 3166 3207 3232 Et

602 3272 934 3338 confestim
1005 3273 1318 3339 miseruut
1385 3276 1450 3338 iu
1519 3273 1881 3340 uniuersam
1947 3274 2268 3354 regionem
2338 3272 2510 3338 illam
2579 3277 2642 3337 et
2711 3272 3082 3355 optulerunt
3144 3272 3206 3335 ei

605 3397 826 3444 omnes
871 3380 1036 3444 male
1081 3379 1407 3444 habentes,
1471 3381 1573 3445 36.
1637 3378 1723 3445 Et
1769 3379 2077 3461 rogabant
2123 3398 2285 3460 eum,
2348 3383 2419 3444 ut
2474 3379 2579 3444 uel
2637 3378 2945 3443 fimbriam
3008 3363 3206 3442 uesti-

603 3483 795 3548 menti
843 3483 983 3549 eius
1028 3489 1380 3564 tangerent.
1427 3483 1514 3549 Et
1560 3485 1941 3565 quicumque
1987 3485 2356 3566 tetigerunt,
2404 3485 2565 3550 salui
2612 3484 2764 3550 facti
2813 3486 2983 3549 sunt.

814 3689 982 3759 XV.
1037 3696 1091 3757 1.
1139 3692 1313 3758 Tunc
1358 3697 1764 3759 accesserunt
1809 3693 1887 3757 ad
1936 3714 2078 3758 eum
2128 3693 2374 3759 scribae
2422 3700 2486 3759 et
2515 3695 2801 3761 Farisaei
2851 3695 2931 3759 ab
2978 3695 3209 3760 Hiero-

607 3798 871 3879 solymis
920 3798 1238 3864 dicentes:
1309 3801 1368 3864 2.
1418 3798 1631 3876 Quare
1695 3798 1993 3880 discipuli
2035 3798 2130 3863 tui
2178 3801 2732 3880 transgrediuntur
2789 3798 3204 3864 traditionem

608 3902 978 3968 seniorum?
1045 3902 1187 3967 Non
1258 3903 1424 3967 enim
1491 3901 1712 3967 lauant
1758 3922 1981 3967 manus
2050 3922 2215 3983 suas,
2289 3923 2429 3969 cum
2497 3924 2727 3986 panem
2794 3904 3205 3971 manducant.

605 4010 664 4072 3.
714 4008 864 4089 Ipse
911 4014 1122 4071 autem
1170 4008 1562 4089 respondens
1609 4009 1699 4073 ait
1745 4007 1904 4074 illis:
1954 4027 2151 4089 quare
2198 4013 2261 4073 et
2305 4027 2417 4074 uos
2464 4009 2984 4092 transgredimini
3032 4027 3206 4071 man-

606 4110 823 4176 datum
871 4107 976 4175 dei
1024 4117 1289 4193 propter
1335 4112 1740 4176 traditionem
1790 4113 2118 4177 uestram‘.>
2166 4113 2323 4177 Nam
2372 4113 2527 4177 deus
2575 4113 2767 4179 dixit:
2831 4114 2890 4177 4.
2943 4111 3205 4178 Honora

607 4222 851 4297 patrem
914 4221 1090 4281 tuum
1137 4220 1203 4281 et
1246 4221 1512 4281 matrem
1562 4223 1752 4296 tuam,
1816 4221 1914 4282 et:
1975 4219 2082 4299 qui
2130 4218 2529 4283 maledixerit
2591 4220 2755 4300 patri
2821 4218 2921 4281 uel
2987 4217 3202 4295 matri,

602 4327 807 4386 morte
851 4321 1183 4385 moriatur.
1249 4323 1306 4386 5.
1360 4320 1493 4385 Uos
1540 4325 1752 4385 autem
1803 4322 2048 4386 dicitis:
2114 4322 2510 4404 Quicumque
2574 4324 2809 4388 dixerit
2872 4324 3038 4406 patri
3102 4319 3205 4385 uel

604 4426 833 4490 matri:
872 4424 1122 4503 corban,
1173 4426 1338 4506 quod
1374 4431 1471 4489 est
1502 4444 1750 4505 munus,
1799 4427 2237 4508 quodcumque
2271 4430 2371 4491 est
2403 4447 2476 4491 ex
2523 4447 2623 4492 me
2653 4428 2766 4492 tibi
2793 4427 3096 4508 proderit.
3146 4428 3207 4491 6.

605 4548 730 4593 non
780 4528 1232 4594 honorificauit
1278 4533 1522 4611 patrem
1586 4549 1770 4595 suum
1817 4538 1881 4596 et
1926 4537 2214 4610 matrem,
2263 4537 2328 4595 et
2374 4531 2619 4596 irritum
2666 4531 2876 4597 facitis
2943 4532 3210 4596 uerbum

605 4635 704 4698 dei
754 4639 1018 4715 propter
1065 4634 1475 4700 traditionem
1524 4640 1820 4701 uestram.
1888 4638 1945 4702 7.
2011 4636 2385 4719 Hypocrite,
2448 4637 2609 4701 bene
2669 4637 3083 4719 prophetauit
3128 4637 3211 4700 de

608 4735 789 4802 uobis
838 4737 1066 4801 Eseias
1116 4737 1373 4802 dicens:
1416 4737 1606 4803 Plebs
1651 4739 1810 4803 haec
1858 4740 2048 4805 labiis
2099 4759 2197 4803 me
2247 4740 2476 4823 diligit,
2543 4760 2649 4806 cor
2695 4746 2908 4806 autem
2954 4739 3210 4805 illorum
