3484 5617
610 523 695 590 2⁷2
1356 512 1716 585 Euangelium
1756 510 2057 568 seeundum
2091 507 2455 564 Matthaeum.
3022 501 3081 558 Ο.
3138 504 3233 555 16.

608 728 963 812 gnoscere?
1011 717 1359 792 Generatio
1408 724 1573 788 mala
1618 728 1683 788 et
1729 721 2021 786 adultera
2069 717 2321 800 quaerit
2367 717 2636 798 signum,
2684 718 2750 779 et
2796 714 3045 795 signum
3083 729 3242 775 non

610 832 867 898 dabitur
935 831 994 895 ei
1053 830 1176 895 nisi
1239 830 1486 911 signum
1561 826 1767 892 Jonae
1828 822 2195 907 prophetae.
2261 823 2346 886 Et
2403 820 2648 886 relictis
2714 819 2842 885 illis
2904 818 3082 883 abiit.
3168 815 3237 881 5.

617 937 891 1001 Etcum
939 935 1226 1000 uenisset
1285 938 1463 997 trans
1510 930 1764 1007 fretum,
1825 928 2008 994 obliti
2074 933 2222 991 sunt
2268 925 2567 1007 discipuli
2615 926 2758 989 eius
2804 941 3004 1006 panes
3049 918 3242 986 acci-

609 1061 783 1125 pere.
833 1043 894 1106 6.
941 1039 1138 1105 108118
1184 1041 1393 1103 81110111
1457 1036 1618 1100 dixit
1683 1034 1844 1099 illis:
1909 1031 2245 1098 Attendite
2292 1031 2472 1095 uobis
2520 1049 2557 1095 a
2614 1027 2926 1095 fermento
2988 1024 3239 1090 Phari-

612 1164 902 1212 saeorum
971 1149 1038 1209 et
1102 1140 1636 1207 Sadducaeorum.
1708 1141 1766 1205 7.
1836 1137 2012 1203 Tunc
2082 1137 2448 1218 cogitabant
2515 1135 2685 1199 inter
2754 1152 2822 1198 80
2889 1130 3235 1196 dicentes:

615 1249 780 1328 Quia
823 1266 1021 1330 panes
1069 1266 1191 1312 non
1238 1245 1617 1326 accepimus.
1669 1246 1727 1309 8.
1779 1239 2025 1318 Quibus
2072 1239 2500 1323 cogitantibus
2550 1239 2708 1304 dixit
2752 1237 2976 1304 Jesus:
3044 1232 3236 1311 Quid

614 1354 912 1437 cogitatis
938 1353 1108 1418 inter
1140 1369 1275 1433 1108,
1315 1350 1602 1415 modicae
1646 1347 1818 1424 fidei,
1869 1347 2017 1428 quia
2062 1365 2259 1429 panes
2292 1364 2417 1410 non
2464 1342 2764 1409 habetis?
2808 1343 2868 1407 9.
2920 1339 3233 1405 Nondum

615 1457 989 1539 intellegitis
1035 1474 1239 1537 neque
1286 1453 1663 1521 meministis
1710 1451 1788 1517 de
1835 1451 2112 1535 quinque
2173 1451 2444 1532 panibus
2488 1453 2556 1513 et
2614 1448 2894 1530 quinque
2957 1444 3236 1510 milibus

615 1561 959 1640 hominum,
1029 1565 1093 1626 et
1139 1560 1306 1642 quod
1363 1559 1668 1639 cophinos
1716 1556 2126 1638 sumpsistis?
2192 1557 2287 1619 10.
2336 1572 2542 1636 neque
2603 1556 2844 1635 septem
2912 1568 3113 1633 panes
3168 1552 3237 1613 et

616 1671 919 1748 quattuor
963 1665 1140 1729 milia
1187 1662 1510 1727 hominum
1561 1666 1626 1726 et
1671 1662 1842 1743 quod
1889 1663 2141 1743 sportas
2189 1660 2604 1743 sumpsistis?
2682 1663 2778 1725 11.
2829 1657 3043 1735 Quare
3093 1672 3231 1718 non

618 1769 1002 1852 intelligitis,
1052 1769 1204 1850 quia
1266 1786 1390 1831 non
1450 1768 1531 1831 de
1594 1785 1757 1848 pane
1820 1765 1983 1830 dixi:
2046 1765 2379 1830 Attendite
2430 1784 2467 1829 a
2515 1765 2825 1830 fermento
2884 1761 3227 1826 Pharisae-

618 1892 799 1941 orum
845 1878 910 1938 et
957 1871 1524 1939 Sadducaeorum?
1580 1873 1672 1935 12.
1721 1870 1897 1935 Tunc
1943 1870 2412 1954 intellexerunt,
2459 1872 2609 1952 quia
2657 1886 2779 1932 non
2827 1868 2987 1931 dixit
3031 1885 3070 1929 a
3102 1865 3230 1929 fer-

622 1982 855 2058 mento,
907 1977 1018 2043 sed
1067 1996 1105 2043 a
1152 1976 1440 2040 doctrina
1484 1974 1969 2042 Pharisaeorum
2033 1975 2364 2039 attendere
2411 1975 2550 2039 sibi.
2624 1976 2716 2040 13.
2766 1970 2961 2037 Uenit
3005 1973 3228 2034 autem

625 2083 818 2149 Jesus
882 2082 944 2146 in
994 2084 1237 2164 partem
1292 2079 1646 2145 Caesareae
1694 2079 1995 2161 Philippi,
2060 2083 2125 2143 et
2169 2079 2608 2160 interrogabat
2655 2077 3004 2158 discipulos
3066 2092 3224 2140 suos

623 2188 876 2252 dicens:
926 2185 1122 2263 Quem
1154 2204 1255 2250 me
1287 2185 1573 2250 homines
1607 2184 1828 2248 dicunt
1865 2202 2006 2249 esse
2039 2182 2236 2249 filium
2267 2181 2590 2248 hominis?
2643 2184 2738 2247 14.
2789 2180 2885 2245 Ad
2929 2181 3027 2245 1111
3053 2180 3225 2244 dixe-

621 2295 805 2356 runt:
833 2289 1172 2356 Johannen
1196 2289 1566 2372 Baptistam‚
1593 2288 1701 2353 alii
1723 2292 1934 2352 autem
1960 2288 2187 2371 Ε118111,
2213 2287 2322 2352 8111
2343 2306 2497 2352 11010
2521 2287 2562 2351 J
2567 2286 2863 2352 eremiam
2889 2286 3001 2349 aut
3026 2304 3218 2349 unum

626 2413 706 2459 ex
753 2392 1140 2476 prophetis?
1190 2395 1287 2460 15.
1324 2393 1499 2458 Dicit
1537 2392 1668 2458 illis
1700 2390 1930 2457 Jesus:
1981 2391 2115 2458 Uos
2148 2396 2361 2457 autem
2408 2411 2592 2473 quem
2639 2410 2738 2455 me
2781 2390 2998 2455 dicitis
3032 2389 3219 2453 esse?

628 2501 724 2564 16.
771 2498 1192 2580 Respondens
1237 2496 1448 2563 Simon
1513 2498 1741 2562 Petrus
1792 2497 1986 2561 dixit:
2050 2496 2144 2560 Tu
2193 2513 2263 2560 es
2331 2495 2627 2562 Christus
2675 2494 2845 2560 filius
2909 2495 3010 2559 dei
3058 2496 3203 2558 uiui.

629 2604 726 2668 17.
780 2602 1199 2684 Respondens
1260 2606 1468 2667 autem
1534 2599 1726 2667 Jesus
1789 2601 1949 2666 dixit
2010 2602 2101 2665 ei:
2167 2602 2404 2666 Beatus
2466 2621 2534 2666 es
2600 2600 2813 2665 Simon
2882 2599 3203 2674 Bar-Jona,

624 2706 781 2788 quia
827 2724 972 2772 caro
1019 2710 1082 2770 et
1115 2706 1375 2788 sanguis
1423 2725 1545 2771 non
1593 2705 1909 2770 reuelabit
1941 2706 2079 2784 tibi,
2128 2706 2242 2768 sed
2298 2710 2478 2785 pater
2512 2723 2707 2782 1110118,
2759 2704 2865 2787 qui
2915 2705 2977 2767 in
3025 2703 3215 2768 caelis

627 2816 742 2875 est.
801 2813 895 2877 18.
945 2812 1032 2875 Et
1077 2831 1194 2893 ego
1256 2811 1399 2876 dico
1449 2810 1584 2894 tibi,
1633 2808 1783 2889 quia
1850 2813 1920 2874 tu
1969 2828 2037 2873 es
2087 2810 2331 2887 Petrus,
2394 2813 2459 2874 et
2503 2828 2696 2893 super
2756 2810 2920 2874 lianc
2983 2814 3220 2891 petram

629 2913 977 2981 aedificabo
1049 2915 1386 2981 ecclesiam
1446 2934 1673 2992 meam,
1746 2919 1811 2979 et
1872 2919 2093 2995 portae
2156 2914 2340 2978 inferi
2413 2933 2535 2978 non
2608 2915 3070 2995 praeualebunt
3144 2912 3223 2977 ei.

630 3021 729 3085 19.
778 3021 864 3085 Et
922 3018 1040 3083 tibi
1102 3021 1266 3084 dabo
1329 3020 1573 3085 clauem
1617 3021 1804 3100 regni
1866 3021 2206 3084 caelorum.
2284 3020 2371 3084 Et
2440 3038 2882 3101 quaecumque
2928 3019 3229 3101 ligaberis

626 3142 818 3204 super
863 3128 1122 3202 terram,
1173 3128 1359 3189 erunt
1404 3124 1599 3205 ligata
1646 3129 1712 3187 et
1757 3124 1817 3186 in
1871 3125 2084 3202 caolis,
2133 3129 2197 3188 et
2244 3142 2675 3206 quaecumque
2726 3124 2997 3189 solueris
3037 3141 3232 3204 super

629 3232 881 3305 terram,
931 3223 1377 3293 erunt'soluta
1424 3233 1493 3292 et
1536 3229 1600 3293 in
1648 3227 1862 3293 caelis.
1929 3230 2031 3293 20.
2079 3228 2256 3292 Tunc
2306 3229 2647 3311 imperauit
2692 3230 3027 3310 discipulis
3075 3230 3231 3300 suis,

634 3335 706 3395 ut
738 3331 972 3396 nemini
1006 3332 1291 3397 dicerent
1336 3333 1502 3413 quod
1568 3334 1704 3414 ipse
1750 3336 1921 3397 esset
1968 3332 2280 3398 Christus.
2347 3335 2448 3398 21.
2497 3334 2745 3399 Exinde
2792 3335 3005 3416 coepit
3033 3332 3233 3398 Jesus

632 3436 969 3500 ostendere
1018 3437 1347 3520 discipulis
1380 3438 1534 3517 81118,
1582 3439 1731 3519 quia
1780 3442 2037 3519 oportet
2082 3456 2225 3501 eum
2272 3438 2369 3501 ire
2420 3437 2866 3521 Hierosolyma
2914 3442 2978 3502 et
3022 3438 3236 3503 multa

640 3538 772 3621 pati
821 3558 856 3603 a
904 3542 1262 3608 senioribus
1308 3547 1375 3608 et
1406 3544 1630 3609 scribis
1663 3548 1728 3609 et
1758 3544 2155 3626 principibus
2203 3545 2605 3609 sacerdotum
2654 3549 2719 3608 et
2750 3543 2954 3609 occidi
2986 3548 3051 3607 et
3079 3547 3231 3624 post

639 3645 897 3709 tertium
934 3645 1098 3712 diem
1131 3666 1482 3731 resurgere.
1519 3650 1621 3714 22.
1682 3649 1770 3713 Ε1
1804 3650 2148 3713 adsumens
2195 3667 2338 3712 eum
2374 3649 2602 3714 Petrus
2638 3650 2849 3729 coepit
2896 3648 3232 3729 increpare

646 3754 709 3813 et
758 3750 1003 3815 dicere:
1070 3753 1257 3818 Absit
1304 3771 1340 3817 a
1386 3757 1450 3818 te
1495 3751 1814 3837 propitius
1862 3756 2018 3834 estc,
2054 3753 2322 3832 domine,
2386 3772 2510 3818 non
2557 3754 2682 3817 erit
2729 3753 2905 3817 istut.
2969 3753 3070 3817 23.
3139 3752 3241 3816 Ad

633 3854 771 3934 ipse
819 3873 1166 3922 conuersus
1224 3854 1416 3923 Petro
1465 3859 1657 3923 dixit:
1720 3857 1907 3922 Uade
1955 3861 2127 3922 retro
2177 3862 2318 3938 post
2363 3876 2463 3922 me
2524 3863 2810 3934 satanas;
2863 3856 3239 3921 scandalum

637 3976 706 4023 es
776 3959 953 4039 mihi,
1017 3964 1165 4043 quia
1226 3982 1351 4028 11011
1413 3965 1583 4046 881118
1648 3982 1812 4044 quae
1878 3962 1978 4026 dei
2042 3968 2207 4045 sunt,
2272 3963 2384 4026 sed
2447 3981 2610 4043 quae
2674 3966 2823 4026 sunt
2889 3961 3235 4049 hominum.

635 4064 733 4128 24.
798 4063 975 4131 Τ11110
1035 4065 1228 4134 108118
1276 4068 1436 4132 dixit
1501 4067 1830 4148 discipulis
1892 4068 2060 4131 suis:
2111 4066 2178 4132 Si
2240 4067 2382 4148 quis
2430 4067 2569 4132 uult
2633 4072 2778 4148 post
2844 4084 2942 4129 me
2988 4065 3238 4143 uenire,

636 4168 907 4250 abneget
953 4189 1021 4235 se
1068 4171 1189 4236 sibi
1236 4176 1302 4235 et
1346 4171 1532 4236 tollat
1577 4190 1825 4236 crucem
1872 4188 2054 4234 suam
2101 4176 2167 4235 et
2211 4176 2515 4252 sequatur
2563 4190 2677 4235 me.
2746 4172 2847 4236 25.
2899 4170 3021 4247 Qui
3068 4172 3238 4234 enim

637 4273 917 4338 uoluerit
961 4273 1236 4339 animam
1284 4294 1464 4341 suam
1527 4276 1777 4339 saluam
1822 4274 2053 4349 facere,
2100 4275 2328 4357 perdet
2372 4293 2544 4353 eam3
2609 4276 2715 4356 qui
2768 4280 2980 4339 autem
3025 4276 3240 4356 perdi-

636 4376 802 4441 derit
847 4378 1118 4442 animam
1153 4397 1330 4443 suam
1364 4384 1628 4461 propter
1660 4398 1780 4456 me,
1820 4380 2109 4444 inueniet
2155 4398 2311 4444 eam.
2363 4381 2466 4444 26.
2502 4379 2668 4456 Quid
2717 4380 2886 4444 enim
2934 4377 3242 4461 prodeest

637 4479 897 4561 homini,
944 4483 997 4547 si
1047 4482 1215 4546 hunc
1277 4484 1579 4548 mundum
1643 4482 2024 4565 lucrifaciat.
2074 4484 2318 4550 animae
2377 4503 2534 4549 uero
2581 4503 2734 4549 suae
2782 4484 3239 4549 detrimentum

636 4586 970 4667 patiatur?
1032 4587 1163 4652 Aut
1222 4606 1410 4669 quam
1473 4588 1651 4653 dabit
1711 4589 1900 4655 homo
1970 4590 2522 4654 commutationem
2584 4589 2835 4655 animae
2896 4594 3090 4680 suae?
3136 4594 3239 4657 27.

642 4688 801 4754 Nam
850 4689 1019 4757 filius
1065 4687 1335 4758 hominis
1383 4697 1694 4760 uenturus
1740 4698 1842 4761 est
1888 4698 1951 4758 in
1997 4694 2335 4760 maiestate
2393 4694 2598 4776 patris
2646 4694 2746 4762 sui
2794 4714 2933 4760 cum
2997 4695 3241 4778 angelis

641 4796 775 4860 suis
822 4797 1080 4878 sanctis,
1127 4802 1194 4863 et
1219 4802 1372 4862 tunc
1404 4799 1632 4865 reddet
1675 4799 2022 4879 unicuique
2053 4797 2399 4863 secundum
2448 4818 2643 4880 opera
2677 4801 2835 4864 eius.
2886 4802 2988 4866 28.
3039 4801 3245 4863 Amen
