3484 5617
612 531 735 594 122
1380 522 1747 595 Euangelium
1785 524 2086 581 secundum
2126 522 2392 581 Marcum.
3071 528 3110 585 c
3146 540 3192 588 3,

607 738 786 803 dam:
837 755 1025 818 surge
1071 737 1134 800 in
1183 737 1480 801 medium.
1573 737 1634 803 4.
1687 735 1775 801 Et
1821 723 1988 801 dixit
2026 737 2107 801 ad
2154 736 2334 803 illos:
2415 737 2593 803 Licet
2639 739 2922 805 sabbatis
2967 741 3197 824 aliquid

601 841 979 907 benefacere
1026 860 1106 905 an
1132 841 1342 906 male?
1388 841 1659 905 animam
1709 841 1953 907 saluam
1999 840 2211 906 facere
2255 861 2335 906 an
2385 842 2699 925 perdere?
2745 844 2844 908 Ad
2890 843 2986 910 illi
3030 851 3195 911 tace-

597 948 778 1011 bant.
876 947 935 1012 5.
982 944 1068 1010 Et
1115 945 1632 1027 circumspiciens
1680 963 1789 1010 eos
1837 964 1977 1009 cum
2025 947 2122 1011 ira
2170 947 2296 1010 indi
2337 997 2351 1010 .
2393 997 2406 1009 .
2446 1000 2460 1014 .
2502 948 2565 1010 in
2635 951 2947 1013 caecitate
2993 951 3195 1016 cordis

597 1071 840 1132 eorum,
891 1052 981 1115 ait
1036 1049 1310 1116 homini:
1403 1049 1695 1114 Extende
1741 1069 1996 1114 manum
2041 1056 2236 1117 tuam.
2330 1051 2416 1115 Et
2463 1052 2749 1117 extendit
2795 1060 2861 1117 et
2906 1056 3197 1120 restituta

606 1161 706 1221 est
750 1174 977 1219 manus
1024 1154 1163 1219 eius
1209 1155 1376 1220 sicut
1419 1151 1565 1217 alia.
1630 1157 1689 1220 6.
1740 1153 2054 1219 Exierunt
2100 1159 2313 1220 autem
2361 1154 2689 1220 Pharisaei
2738 1175 2880 1222 cum
2931 1156 3195 1224 Herodi-

608 1260 746 1325 anis
792 1265 858 1325 et
903 1258 1232 1325 consilium
1283 1258 1604 1323 faciebant
1650 1263 1722 1322 ut
1769 1259 1948 1323 illum
1995 1259 2350 1341 perderent.
2402 1263 2460 1325 7.
2507 1260 2701 1326 Jesus
2746 1280 2903 1326 uero
2936 1265 3198 1329 secessit

613 1382 756 1429 cum
827 1364 1161 1445 discipulis
1236 1362 1370 1427 suis
1414 1363 1496 1428 ad
1564 1380 1757 1442 mare,
1805 1370 1870 1428 et
1914 1363 2115 1429 multa
2161 1362 2351 1430 turba
2398 1384 2436 1429 a
2479 1364 2732 1431 Judaea
2778 1371 2844 1432 et
2887 1365 3192 1447 Galilaea,

611 1470 667 1534 8.
715 1475 782 1533 et
827 1469 906 1532 ab
954 1467 1417 1551 Hierosolymis
1463 1472 1531 1531 et
1605 1466 1685 1532 ab
1761 1467 2064 1534 Idumaea
2135 1487 2209 1534 ac
2277 1488 2313 1533 e
2380 1473 2560 1536 trans
2628 1469 2959 1535 ,Iordanen
3033 1476 3098 1537 et
3158 1493 3195 1538 a

604 1574 770 1656 Tyro
805 1577 870 1638 et
903 1592 939 1637 a
983 1571 1220 1638 Sidone
1268 1571 1705 1654 sequebantur
1752 1571 1952 1658 illum,
2001 1571 2337 1639 audientes
2384 1579 2625 1655 quanta
2671 1574 2968 1641 faciebat.
3015 1579 3073 1641 9.
3118 1568 3201 1642 Et

606 1677 768 1742 dixit
844 1677 1174 1760 discipulis
1221 1679 1375 1756 suis,
1466 1683 1535 1742 ut
1582 1675 1882 1742 nauicula
1932 1678 2294 1743 deseruiret
2338 1678 2461 1743 sibi
2505 1684 2765 1763 propter
2809 1680 3081 1760 turbam,
3128 1701 3201 1748 ne

606 1801 748 1847 eum
782 1781 1288 1864 comprimerent.
1341 1784 1436 1848 10.
1474 1781 1713 1847 Multos
1747 1782 1914 1847 enim
1943 1784 2224 1862 curabat,
2256 1782 2347 1848 ita
2378 1790 2450 1847 ut
2480 1786 2811 1849 inruerent
2841 1787 2908 1849 in
2942 1803 3104 1865 eum,
3135 1782 3201 1850 u't

606 1888 783 1952 illum
811 1890 1168 1968 tangerent,
1197 1887 1574 1969 quicumque
1599 1887 1922 1952 habebant
1945 1887 2185 1970 plagas.
2209 1890 2307 1953 ll.
2334 1885 2458 1953 Sed
2484 1893 2549 1953 et
2573 1887 2837 1970 spiritus
2880 1889 3199 1969 immundi,

609 2011 748 2056 cum
800 1993 1100 2056 uiderent
1143 1991 1342 2070 illum,
1396 1993 1827 2074 procedebant
1872 1995 2019 2057 ante
2053 1994 2112 2056 ei
2159 1996 2223 2056 et
2271 1992 2629 2058 clamabant
2677 1993 2997 2061 dicentes:
3087 1993 3201 2059 Hic

608 2099 708 2161 est
753 2093 921 2160 filius
967 2096 1088 2161 dei.
1145 2099 1240 2161 12.
1290 2097 1375 2160 Ει
1424 2087 1812 2181 increpabat
1846 2097 2008 2175 illos,
2056 2116 2137 2161 ne
2190 2115 2332 2161 eum
2363 2097 2867 2177 manifestarent,
2919 2101 3201 2180 quoniam

607 2199 896 2265 sciebant
942 2219 1106 2267 euin.
1161 2202 1258 2265 13.
1307 2202 1675 2267 Ascendens
1723 2205 1940 2266 autem
1987 2203 2052 2266 in
2102 2208 2398 2280 montem,
2447 2203 2704 2267 uocauit
2752 2203 2833 2266 ad
2882 2221 2976 2282 se,
3046 2221 3196 2284 quos

608 2305 813 2371 uoluit
860 2306 1016 2386 ipse,
1065 2312 1129 2369 et
1176 2310 1489 2371 uenerunt
1535 2306 1614 2370 ad
1642 2307 1840 2373 illum.
1899 2310 1993 2372 14.
2042 2307 2129 2370 Et
2174 2306 2329 2371 fecit
2374 2306 2543 2388 ΧΙΙ.,
2593 2313 2663 2371 ιιι
2710 2324 2929 2371 secum
2977 2311 3200 2384 essent,

607 2415 679 2474 ut
724 2411 1009 2475 mitteret
1055 2430 1164 2476 eos
1212 2411 1584 2492 praedicare
1631 2411 2053 2492 euangelium.
2137 2411 2233 2475 15.
2282 2410 2369 2474 Et
2417 2412 2598 2476 dedit
2644 2410 2772 2475 illis
2821 2398 3198 2491 potestatem

609 2515 872 2580 curandi
916 2515 1320 2581 ualetudines
1367 2519 1434 2579 et
1478 2518 1686 2580 eicere
1732 2516 2083 2582 daemonia.
2138 2518 2236 2581 16.
2288 2515 2375 2579 Ει
2418 2516 2722 2596 imposuit
2787 2512 3031 2580 Simoni
3099 2536 3200 2581 no-

606 2639 747 2686 men
794 2621 1043 2697 Petrus,
1094 2622 1160 2682 et
1183 2618 1492 2685 Jacobum
1543 2621 1880 2704 Zebedaei,
1930 2636 1995 2685 et
2036 2620 2371 2684 Johannen
2420 2619 2681 2684 fratrem
2731 2619 2980 2703 Jacobi‚
3031 2640 3191 2685 com-

608 2723 885 2790 muniter
929 2730 1141 2789 autem
1187 2727 1449 2790 uocauit
1492 2725 1636 2789 illos
1698 2726 2083 2807 BoanergeS,
2155 2725 2322 2806 quod
2387 2731 2487 2789 est
2551 2723 2665 2788 filii
2742 2724 3030 2789 tonitrui.
3104 2727 3194 2791 18.

607 2829 809 2893 Erant
854 2836 1063 2893 autem
1114 2830 1211 2895 hi:
1262 2829 1479 2895 Simon
1527 2834 1592 2894 et
1637 2830 1945 2908 AndreaS‚
2014 2828 2295 2895 Jacobus
2342 2834 2407 2893 et
2452 2827 2801 2908 Johannes,
2872 2828 3200 2912 Philippus

608 2938 674 2999 et
718 2934 1181 3012 BartolomeuS,
1252 2934 1579 2999 Mattheus
1640 2938 1706 2998 et
1765 2933 2059 3013 Thomas,
2132 2932 2412 3000 Jacobus
2463 2932 2689 3023 Alphei
2739 2939 2802 2997 et
2847 2932 3199 3011 Lebbaeus,

609 3039 822 3104 Simon
872 3037 1212 3104 Canaueus
1307 3040 1404 3105 19.
1479 3042 1544 3102 et
1586 3037 1792 3103 Judas
1841 3037 2152 3116 Scan-ioth,
2202 3038 2312 3119 qui
2356 3037 2624 3102 tradidit
2671 3037 2868 3102 illum.
2967 3038 3068 3103 20.
3114 3037 3198 3101 Et

612 3143 791 3207 uenit
837 3144 1065 3207 iterum
1131 3145 1194 3207 in
1265 3142 1514 3207 domum
1564 3148 1628 3207 et
1673 3142 1978 3207 conuenit
2019 3142 2224 3221 turba,
2298 3143 2389 3206 ita
2456 3147 2529 3206 ut
2594 3159 2717 3205 non
2782 3147 3049 3224 possent
3092 3161 3200 3206 nec

607 3265 836 3328 panem
884 3248 1143 3328 quidem
1191 3247 1592 3312 manducare.
1673 3250 1774 3311 21.
1825 3247 2011 3325 Quod
2058 3254 2128 3312 ut
2172 3247 2513 3311 audierunt
2559 3247 2639 3311 de
2686 3246 2794 3311 illo
2842 3247 3097 3313 scribae
3140 3251 3202 3310 et

608 3352 864 3428 caeteri,
913 3351 1205 3416 exierunt
1252 3356 1323 3414 ut
1370 3354 1661 3416 tenerent
1707 3351 1904 3432 illum,
1956 3351 2249 3416 dicebant
2308 3350 2475 3415 enim
2524 3353 2821 3433 quoniam
2891 3352 3201 3417 exsentiat

604 3474 738 3521 eos.
787 3456 889 3519 22.
941 3454 1028 3519 Ει
1073 3454 1323 3519 scribae
1373 3454 1478 3535 qui
1530 3456 1608 3520 ab
1644 3453 2106 3538 Hierosolymis
2155 3456 2635 3538 descenderant,
2685 3457 2987 3523 dicebant
3036 3457 3199 3538 quod

602 3559 889 3626 belsebul
938 3559 1148 3636 habet,
1200 3559 1565 3643 principem
1626 3560 2117 3640 daemoniorum,
2186 3566 2256 3625 et
2323 3579 2437 3642 per
2502 3561 2681 3626 illum
2746 3561 3014 3642 expellit
3059 3563 3197 3626 dae-

608 3667 835 3730 monia.
885 3669 988 3733 23.
1035 3666 1123 3730 Et
1170 3666 1545 3731 conuocauit
1592 3682 1702 3729 eos
1749 3670 1814 3729 et
1860 3667 1950 3730 ait
1994 3666 2186 3731 Jesus
2232 3665 2294 3728 in
2342 3665 2698 3748 parabolis:
2748 3668 3066 3747 quomodo
3093 3684 3198 3748 po-

606 3776 734 3836 test
781 3777 1035 3837 satanas
1096 3776 1362 3837 satanan
1409 3771 1778 3852 expellere?
1847 3773 1946 3838 24.
1997 3769 2126 3835 Et:
2191 3771 2244 3835 si
2307 3788 2569 3851 regnum
2629 3771 2695 3835 in
2743 3790 2812 3836 se
2859 3771 3199 3851 diffidatur,

609 3895 733 3940 non
782 3880 994 3956 potest
1038 3880 1231 3940 stare.
1295 3876 1396 3940 25.
1444 3875 1562 3940 Et:
1611 3876 1664 3941 si
1714 3876 1938 3940 domus
1986 3877 2047 3940 in
2095 3876 2444 3956 semetipsa
2475 3876 2824 3952 diuidatur,
2872 3881 3047 3941 stare
3078 3893 3197 3939 non

608 3980 817 4061 potest
863 3981 1087 4045 domus
1133 3981 1259 4045 illa.
1310 3982 1412 4046 26.
1462 3980 1580 4044 Et:
1629 3981 1681 4044 si
1730 3987 1987 4045 satanas
2036 3984 2299 4045 satanan
2347 3981 2519 4064 eicit,
2568 3981 2949 4063 dispertitus
2998 3981 3061 4045 in
3108 3988 3218 4061 se,‡

606 4105 728 4151 non
775 4086 1013 4167 poterit
1058 4092 1228 4150 stare
1275 4103 1539 4166 regnum
1589 4085 1748 4150 eius.
1799 4087 1901 4150 27.
1949 4083 2150 4149 Nemo
2200 4086 2412 4167 potest
2457 4103 2616 4149 uasa
2648 4087 2806 4163 eius,
2856 4083 2967 4165 qui
3008 4083 3196 4149 fortis

604 4195 723 4272 est,
774 4190 1054 4271 diripere
1101 4191 1427 4271 ingressus
1475 4192 1539 4254 in
1588 4176 1861 4269 domum,
1912 4190 2035 4256 nisi
2086 4190 2259 4270 prius
2308 4188 2515 4270 ipsum
2561 4189 2790 4254 fortem
2814 4188 3194 4270 alligauerit,

602 4301 669 4358 et
713 4300 865 4359 tunc
912 4294 1168 4359 domum
1194 4296 1331 4360 eius
1357 4295 1633 4375 diripiet.
1684 4295 1787 4359 28.
1838 4295 2037 4359 Amen
2084 4294 2227 4360 dico
2276 4295 2480 4373 uobis,
2531 4295 2701 4376 quod
2732 4296 2943 4359 omnia
2990 4291 3197 4357 dimit-

603 4405 820 4464 tentur
865 4397 1013 4463 filiis
1081 4398 1400 4464 hominum
1449 4406 1713 4479 peccata
1760 4404 1824 4464 et
1869 4399 2335 4480 blasphemiae3
2428 4400 2531 4466 29.
2594 4399 2699 4480 qui
2760 4403 2972 4463 autem
3034 4396 3194 4460 blas*

599 4504 1001 4587 phemauerit
1046 4504 1343 4586 spiritum
1391 4510 1705 4579 sanctum,
1753 4523 1878 4569 non
1923 4501 2117 4569 habet
2165 4505 2625 4583 remissionem,
2702 4504 2813 4567 sed
2881 4520 3031 4567 reus
3098 4502 3194 4565 est

600 4610 846 4674 aeterni
896 4609 1132 4675 delicti.
1225 4610 1327 4675 30.
1395 4609 1557 4687 Quia
1621 4609 1920 4675 dicebant
1966 4628 2107 4673 eum
2157 4609 2454 4690 spiritum
2503 4608 2891 4673 immundum
2937 4604 3190 4670 habere.

603 4716 706 4779 31.
755 4715 841 4778 Et
886 4717 1064 4779 uenit
1109 4719 1312 4778 mater
1358 4715 1495 4778 eius
1543 4718 1607 4778 et
1652 4713 1890 4779 fratres
1935 4713 2075 4777 eius
2122 4713 2405 4794 forisque
2451 4718 2714 4792 stanteS,
2763 4713 3073 4777 miserunt
3115 4707 3189 4772 ad

606 4820 785 4884 illum
833 4827 1136 4886 uocantes
1186 4838 1347 4894 eum,
1439 4821 1542 4884 32.
1608 4824 1673 4883 et
1734 4819 1999 4885 sedebat
2060 4819 2140 4884 ad
2202 4819 2382 4883 illum
2442 4819 2647 4898 turba,
2707 4813 2777 4883 'et
2837 4817 3057 4882 dicunt
3100 4813 3220 4887 εἰς·
