3484 5617
538 500 662 575 102
1311 495 1672 574 Euangelium
1711 496 2015 558 secundum
2051 458 2354 555 Lucanum.
2948 494 3003 556 (Ἴ.
3046 502 3125 554 12.

534 717 630 782 uit
677 716 913 782 domini
961 716 1058 781 sui
1121 716 1515 782 uoluntatem
1573 720 1638 779 et
1698 732 1822 780 non
1888 713 2214 794 parauerit
2268 712 2348 777 ad
2396 712 2789 777 uoluntatem
2834 712 2973 778 eius
3009 760 3023 772 .
3059 765 3072 778 .
3111 763 3125 778 .

532 825 630 886 uit
674 822 803 887 mul
837 873 852 887 .
889 873 903 888 .
938 870 950 883 .
1011 823 1117 886 48.
1166 821 1289 898 Qui
1335 825 1545 885 autem
1594 838 1719 884 non
1752 820 1962 883 sciens
1993 817 2232 897 fecerit,
2267 817 2602 899 uapulauit
2632 834 2890 898 paucas.
2939 814 3128 884 Omni

532 932 764 1007 autem,
828 928 928 992 cni
989 926 1252 991 multum
1315 926 1533 990 datum
1594 924 1808 1003 fuerit,
1875 924 2142 989 multum
2206 927 2552 1005 quaeretur
2613 923 2695 989 ab
2740 941 2851 1001 eo;
2915 916 2988 987 et'
3024 924 3129 989 cui

533 1032 1074 1096 commendauerit
1103 1031 1392 1110 multum,
1441 1031 1590 1112 plus
1620 1033 1801 1113 petet
1831 1031 1910 1094 ab
1943 1049 2039 1094 eo.
2087 1032 2192 1096 49.
2239 1028 2519 1094 Nescitis
2570 1028 2868 1110 quoniam
2916 1029 3129 1110 ignem

531 1137 678 1202 ueni
737 1136 990 1201 mittere
1051 1138 1114 1200 in
1175 1141 1432 1215 terram,
1490 1139 1560 1201 et
1620 1134 1777 1217 quid
1835 1134 2003 1210 uolo,
2065 1135 2121 1198 si
2168 1134 2596 1200 accendatur?
2640 1135 2743 1200 50.
2793 1134 3130 1216 Baptisma

533 1247 746 1306 autem
795 1241 999 1306 habeo
1047 1241 1381 1322 baptizari,
1429 1245 1495 1304 et
1538 1241 1856 1322 quomodo
1887 1239 2114 1306 turbor
2150 1257 2352 1321 usque
2382 1239 2529 1305 dum
2561 1236 2978 1322 perficiatur?
3020 1240 3128 1304 51.

529 1346 784 1412 Putatis
830 1346 1126 1429 quoniam
1173 1363 1393 1428 pacem
1439 1347 1585 1410 ueni
1630 1346 1889 1410 mittere
1914 1346 1979 1410 in
2024 1345 2307 1409 terram?
2357 1344 2521 1428 Non,
2568 1344 2710 1410 dico
2759 1344 2963 1424 uobiS,
3010 1345 3128 1409 sed

530 1450 1025 1534 separationem.
1097 1452 1202 1517 52.
1251 1450 1463 1516 Erunt
1509 1452 1678 1516 enim
1726 1449 2008 1533 quinque
2070 1450 2136 1514 in
2188 1451 2376 1514 domo
2421 1467 2548 1513 una
2593 1448 2819 1527 diuisi;
2878 1454 3013 1514 tres
3057 1450 3125 1513 in

531 1556 654 1620 duo
699 1544 768 1620 et
815 1556 939 1621 duo
986 1556 1051 1619 in
1100 1560 1231 1621 tres
1281 1555 1680 1620 diuidentur:
1731 1555 1945 1620 Mater
1992 1556 2056 1620 in
2106 1553 2254 1633 filia,
2301 1565 2365 1618 et
2411 1551 2544 1619 filia
2577 1554 2640 1620 in
2673 1559 2977 1634 matrem3
3020 1556 3121 1621 53.

528 1665 714 1742 pater
760 1660 824 1725 in
873 1657 1094 1741 filium,
1144 1664 1208 1726 et
1254 1658 1424 1726 filius
1471 1662 1535 1726 in
1605 1666 1854 1742 patrem
1900 1678 2083 1725 suum
2131 1659 2493 1738 diuidetur3
2553 1677 2777 1724 socrus
2825 1661 2892 1724 in
2935 1678 3126 1742 spon-

527 1783 661 1829 sam
708 1783 909 1844 suam,
958 1767 1023 1828 et
1070 1783 1304 1846 sponsa
1350 1765 1415 1828 in
1463 1782 1710 1830 socrum
1759 1783 1958 1829 suam.
2013 1766 2117 1831 54.
2166 1764 2445 1830 Dicebat
2489 1770 2701 1830 autem
2749 1769 2815 1829 et
2862 1766 2943 1830 ad
2985 1770 3129 1829 'tur-

526 1869 676 1935 bas:
727 1889 869 1934 cum
904 1921 916 1936 .
956 1918 971 1932 .
1006 1918 1020 1932 .
1070 1870 1155 1934 tis
1204 1888 1287 1933 1111
1322 1917 1338 1933 .
1364 1920 1378 1935 .
1415 1920 1429 1935 .
1478 1871 1726 1934 oriente
1762 1920 1775 1934 .
1813 1921 1826 1934 .
1864 1921 1877 1935 .
1926 1888 2241 1947 occasum,
2306 1871 2524 1935 statim
2586 1870 2805 1936 dicitis
2868 1869 3122 1937 nimbus

528 1975 727 2053 uenit,
776 1981 842 2040 et
888 1974 982 2038 ita
1026 1972 1155 2039 fiet.
1206 1972 1308 2041 55.
1356 1975 1443 2039 Et
1488 1994 1631 2040 cum
1677 1976 1972 2041 uideritis
2020 1981 2310 2040 austrum
2340 1974 2618 2051 flantem,
2667 1975 2903 2051 dicitis,
2952 1976 3124 2058 quod

526 2084 742 2144 aestus
766 2081 909 2158 erit,
936 2083 1003 2144 et
1024 2080 1117 2144 ita
1143 2077 1270 2146 fiet.
1296 2081 1401 2146 56.
1429 2079 1839 2162 Hypocritae,
1868 2078 2094 2145 faciem
2121 2081 2378 2162 quidem
2403 2081 2563 2146 caeli
2589 2085 2654 2145 et
2677 2085 2891 2145 terrae
2915 2081 3125 2146 nostis

525 2181 818 2266 probare,
864 2184 983 2249 hoc
1030 2189 1242 2249 autem
1288 2189 1543 2267 tempus
1574 2234 1588 2249 .
1626 2235 1638 2248 .
1677 2234 1690 2247 .
1740 2186 1942 2267 proba
1977 2234 1992 2250 .
2031 2232 2051 2251 .
2085 2235 2099 2249 .
2160 2186 2261 2250 57.
2313 2184 2496 2249 uobis
2558 2185 2716 2266 ipsis
2781 2203 2906 2249 non
2959 2185 3126 2251 iudi-

528 2288 705 2364 catis,
755 2289 923 2369 quod
967 2289 1206 2353 iustum
1253 2288 1406 2354 est?
1451 2290 1555 2355 58.
1605 2289 1769 2354 Dum
1817 2290 1984 2354 enim
2035 2289 2219 2355 uadis
2265 2307 2407 2355 cum
2457 2288 2830 2355 aduersario
2897 2294 3009 2354 tuo
3040 2291 3126 2356 ad

525 2380 963 2474 magistratum
997 2394 1062 2457 in
1096 2395 1222 2477 uia,
1272 2394 1355 2458 da
1401 2412 1661 2474 operam
1707 2395 1967 2459 liberari
2000 2395 2079 2459 ab
2125 2394 2254 2472 illo,
2304 2411 2385 2457 ne
2425 2392 2590 2459 forte
2636 2395 3015 2461 condemnet
3058 2399 3124 2460 te

523 2498 694 2578 apud
740 2499 1033 2578 iudicem,
1098 2503 1164 2563 et
1222 2498 1413 2564 iudex
1470 2500 1686 2564 tradat
1754 2504 1820 2564 te
1881 2500 2184 2577 exactori,
2245 2504 2313 2565 et
2366 2505 2626 2565 exactor
2667 2499 2882 2564 mittat
2941 2505 3008 2565 te
3054 2501 3121 2564 in

522 2618 861 2667 carcerem.
930 2606 1032 2670 59.
1081 2603 1245 2669 Dico
1287 2590 1439 2670 tibi:
1508 2622 1632 2667 non
1679 2603 1854 2668 exies
1915 2604 2084 2683 inde,
2148 2603 2347 2669 donec
2414 2604 2650 2669 reddas
2696 2605 3113 2711 nouissimum

521 2709 962 2814 quadrantem.

650 2904 926 2984 ”ΧῙῘΙ.
1000 2922 1054 2987 1.
1101 2917 1437 2985 Uenerunt
1482 2923 1693 2984 autem
1760 2920 2016 3000 quidam
2079 2921 2216 3000 ipso
2278 2921 2343 2986 in
2406 2924 2691 3001 tempore
2752 2920 3118 2986 nuntiantes

520 2924 615 3087 illi
662 3023 741 3087 de
787 3008 1130 3103 Galilaei&
1189 3042 1457 3105 quorum
1519 3025 1893 3106 sanguinem
1958 3025 2205 3090 Pilatus
2267 3025 2524 3090 miscuit
2584 3044 2725 3090 cum
2788 3023 3119 3091 sacrificiis

519 3115 785 3192 eorum?
807 3130 877 3192 2:
914 3114 1003 3191 Et
1041 3129 1438 3210 respondens
1470 3129 1631 3193 dixit
1679 3129 1842 3194 illis:
1892 3130 2141 3195 Putatis
2172 3180 2186 3193 .
2224 3182 2234 3194 .
2275 3177 2287 3190 .
2338 3128 2610 3195 Galilaei
2643 3148 2797 3211 prae
2828 3130 3118 3195 omnibns

523 3230 830 3295 Galilaeis
877 3231 1140 3296 fuerunt
1184 3236 1570 3314 peccatoreS‚
1621 3235 1730 3316 qui
1755 3234 1909 3298 talia
1958 3234 2131 3315 passi
2178 3235 2373 3300 sunt?
2418 3236 2478 3300 3.
2527 3234 2688 3317 Non,
2725 3234 2867 3300 dico
2900 3235 3113 3310 uobis;

518 3337 642 3430 nisi
709 3336 1165 3417 paenitentiam
1224 3336 1539 3416 habeatiS‚
1603 3337 1899 3415 similiter
1976 3356 2195 3405 omnes
2256 3330 2572 3421 peribitis.
2644 3341 2707 3403 4.
2776 3332 2956 3404 Sicut
3024 3340 3109 3404 illi

518 3428 752 3507 XVIII.
819 3459 1012 3523 super
1074 3459 1233 3522 quos
1295 3443 1527 3507 cecidit
1588 3444 1788 3508 turris
1850 3444 1915 3507 in
1976 3443 2185 3508 Siloae
2246 3450 2310 3509 et
2371 3444 2660 3509 occi...
2711 3463 2742 3509 s
2804 3450 3114 3526 puta...

520 3544 691 3609 niam
736 3544 859 3626 ipsi
904 3545 1227 3612 debitores
1285 3546 1546 3613 fuerunt
1619 3535 1879 3630 praeter
1922 3567 2137 3615 omnes
2182 3549 2492 3628 homines,
2540 3550 2651 3631 qui
2697 3549 3009 3614 sedebant
3051 3548 3120 3614 in

521 3648 973 3716 Hierusalem?
1019 3652 1077 3717 5.
1104 3651 1265 3732 Non,
1318 3652 1458 3719 dico
1485 3653 1688 3733 uobis,
1722 3655 1836 3719 sed
1862 3655 1919 3720 si
1944 3673 2069 3719 non
2104 3654 2534 3733 credideritis,
2568 3670 2787 3719 omnes
2818 3642 3110 3719 homines

517 3755 828 3834 peribitis.
855 3758 914 3822 6.
942 3756 1212 3823 Dicebat
1239 3764 1451 3824 autem
1474 3758 1637 3823 hanc
1668 3758 2175 3824 similitudinem:
2205 3756 2509 3824 Arborem
2535 3756 2693 3824 ficus
2718 3805 2733 3822 .
2763 3810 2776 3824 .
2806 3806 2821 3822 .
2856 3759 3116 3840 quidam

522 3859 869 3939 plantatam
916 3862 979 3924 in
1043 3863 1320 3941 niueam,
1368 3868 1437 3928 et
1480 3865 1663 3928 uenit
1694 3881 2008 3944 quaerens
2039 3863 2366 3930 fructum
2348 3883 2414 3928 ln
2446 3864 2556 3929 illa
2588 3869 2653 3929 et
2684 3883 2811 3929 non
2845 3864 3112 3929 inuenit.

519 3965 581 4029 7.
625 3957 806 4061 Dixit
840 3970 1060 4031 autem
1106 3967 1186 4031 ad
1236 3967 1542 4032 cultorem
1568 3969 1829 4034 uineae:
1878 3968 2047 4033 Ecce
2079 3970 2226 4033 anni
2262 3975 2391 4035 tres
2426 3974 2591 4049 sunt,
2626 3988 2705 4034 ex
2737 3988 2859 4052 quo
2902 3970 3114 4046 ueni0,

516 4056 829 4149 quaerens
875 4062 1149 4135 fructum
1197 4070 1261 4136 in
1308 4070 1576 4137 ficulnea
1621 4073 1744 4138 hac
1806 4078 1871 4137 et
1918 4093 2042 4139 non
2090 4075 2370 4153 inuenio,
2420 4075 2678 4140 succide
2723 4091 2873 4156 ergo
2913 4074 3112 4152 illam,

514 4179 587 4237 ut
631 4173 782 4253 quid
828 4175 1017 4238 etiam
1064 4179 1304 4240 terram
1353 4179 1674 4277 euacuat‘?
1721 4180 1782 4244 8.
1832 4178 1931 4243 Ad
1964 4179 2077 4244 ille
2110 4180 2501 4260 respondens
2535 4181 2626 4243 ait
2658 4179 2783 4243 illi:
2836 4179 3111 4257 domine,

512 4278 769 4342 remitte
814 4277 986 4343 illam
1034 4283 1101 4343 et
1145 4279 1263 4345 hoc
1309 4270 1496 4356 anno,
1559 4301 1762 4364 usque
1824 4283 1968 4347 dum
2016 4282 2250 4349 fodiam
2311 4285 2485 4349 circa
2532 4284 2705 4349 illam
2754 4297 2819 4349 et
2862 4284 3115 4349 mittam

514 4383 856 4464 cophinum
902 4386 1221 4465 StelMcoliQ
1273 4389 1331 4451 9.
1366 4392 1430 4452 et
1458 4387 1770 4469 siquidem
1818 4386 2040 4452 fecerit
2084 4387 2394 4466 sructum;
2443 4389 2538 4453 sin
2580 4394 2816 4470 autem,
2847 4390 2913 4454 in
2943 4388 3116 4454 futu—

510 4478 988 4553 rumsssuccides
1032 4488 1226 4553 illam.
1281 4494 1377 4558 10.
1429 4491 1590 4557 Erat
1634 4499 1848 4558 autem
1898 4493 2131 4559 docens
2178 4494 2242 4557 in
2290 4513 2416 4559 una
2461 4513 2926 4577 synagogarum
2968 4494 3114 4559 sab·

510 4582 729 4657 batis(
772 4595 871 4657 ll.
933 4592 1021 4657 Et
1079 4611 1228 4659 ecce
1288 4596 1535 4677 mulier,
1600 4616 1763 4679 quae
1823 4597 2102 4663 habebat
2145 4598 2442 4680 spiritum
2490 4597 2879 4664 infirmitatis
2926 4600 3112 4664 annis

509 4686 742 4763 XV‘III'..
807 4703 875 4762 et
934 4704 1073 4765 erat
1117 4700 1445 4780 inclinata,
1495 4721 1613 4767 nec
1661 4704 1917 4768 omnino
1978 4708 2235 4786 poterat
2295 4723 2544 4769 sursum
2605 4704 2946 4787 respicere,
3009 4707 3108 4769 12.

510 4800 710 4879 Quam
748 4794 897 4869 cum
953 4804 1225 4885 uideret,
1287 4796 1545 4871 uocauit
1607 4827 1746 4872 eam
1792 4809 1873 4872 ad
1934 4826 2004 4872 se
2066 4814 2131 4873 et
2191 4809 2281 4873 ait
2340 4809 2472 4874 illi:
2537 4810 2783 4889 mulier,
2831 4808 3147 4875 dimissa
