3484 5617
323 480 381 553 C.
424 486 471 535 1.
1107 479 1471 548 Euangelium
1508 479 1806 535 secundum
1846 478 2144 533 Lucanum.
2847 436 2927 548 ΤΞ)

328 692 682 774 potentiam
719 691 781 756 in
809 689 1071 757 brachio
1111 709 1246 771 su0,
1297 691 1605 772 disparsit
1641 691 1953 775 superbos
1987 694 2195 756 mente
2228 692 2418 757 corde
2464 692 2764 775 ipsorum,
2824 693 2930 757 52.

325 797 625 879 deposuit
682 801 981 879 potentes
1045 797 1124 861 (le
1170 796 1321 860 sede
1367 799 1433 859 et
1496 797 1812 862 exaltauit
1862 797 2155 862 humiles.
2217 797 2323 864 53.
2369 796 2750 863 Esurientes
2815 798 2928 861 im-

326 899 531 984 pleuit
576 899 760 966 bonis
819 905 884 965 et
930 899 1168 966 diuites
1229 899 1472 965 dimisit
1513 901 1757 967 inanes,
1820 900 1925 966 54.
1972 899 2271 984 Suscepit
2331 901 2608 968 Istrahel
2654 920 2921 984 puerum

324 1025 512 1072 suum
557 1006 893 1072 memorari
942 1004 1434 1071 misericordiae.
1482 1003 1584 1073 55.
1629 1003 1808 1072 Sicut
1851 1006 2100 1072 locutus
2149 1010 2249 1072 est
2279 1005 2363 1071 ad
2407 1011 2623 1087 patres
2670 1011 2924 1073 nostros

324 1111 624 1177 Abrahae
672 1115 739 1175 et
782 1110 1007 1175 semini
1053 1110 1193 1177 eius
1240 1110 1307 1175 in
1352 1110 1629 1176 saecula.
1678 1113 1785 1178 56.
1834 1107 2077 1178 Mansit
2111 1115 2326 1176 autem
2374 1109 2582 1175 Maria
2630 1128 2774 1176 cum
2819 1109 2931 1175 illa

330 1216 661 1282 mensibus
720 1215 928 1281 tribus
973 1219 1042 1280 et
1099 1233 1361 1281 reuersa
1425 1221 1526 1281 est
1571 1215 1744 1281 domi
1807 1234 1980 1282 suae.
2044 1217 2148 1283 57.
2194 1216 2483 1281 Elisabel
2544 1221 2764 1281 autem
2816 1215 2928 1281 im-

326 1322 570 1404 pletum
615 1324 717 1386 est
762 1324 1016 1402 tempus
1060 1319 1358 1402 gignendi
1406 1325 1471 1385 et
1516 1321 1738 1403 gennit
1785 1320 2000 1387 filium.
2055 1322 2159 1389 58.
2207 1321 2295 1386 Et
2337 1320 2682 1386 audierunt
2734 1318 2932 1386 uicini

325 1431 391 1491 et
435 1424 690 1507 cognati
736 1425 897 1505 eius,
943 1424 1094 1505 quia
1137 1423 1574 1506 magnificauit
1620 1425 1913 1491 dominus
1988 1426 2485 1491 misericordiam
2547 1442 2726 1491 suam
2786 1444 2928 1488 cum

324 1530 454 1613 illa,
502 1535 568 1594 et
615 1529 1214 1611 congratulabantur
1258 1529 1337 1595 ei.
1408 1530 1512 1596 59.
1559 1531 1646 1597 Et
1696 1529 1935 1595 factum
1996 1534 2098 1596 est
2143 1531 2205 1595 in
2253 1531 2358 1596 die
2405 1530 2651 1609 octaba,
2701 1537 2774 1595 ut
2818 1548 2929 1594 ue·

327 1636 549 1702 nirent
581 1639 647 1699 et
693 1633 1222 1700 circumciderent
1264 1649 1561 1718 puerum,
1602 1640 1669 1702 et
1694 1639 2088 1701 uocauerunt
2130 1654 2276 1701 eum
2321 1634 2388 1700 in
2433 1636 2686 1701 nomine
2731 1634 2935 1717 patris

334 1741 468 1805 eius
513 1739 936 1804 Zacchariam.
1012 1740 1115 1805 60.
1162 1738 1252 1805 Et
1292 1740 1690 1820 respondens
1736 1745 1942 1805 mater
2003 1741 2143 1806 eius
2189 1741 2382 1806 dixit:
2456 1739 2617 1821 Non,
2664 1741 2778 1804 sed
2826 1759 2932 1805 uo-

341 1844 584 1909 cabitur
625 1842 972 1909 Johannes.
1067 1846 1171 1910 61.
1218 1843 1307 1908 Et
1351 1843 1652 1911 dixerunt
1695 1845 1778 1910 ad
1825 1844 2029 1911 illam:
2102 1846 2303 1912 Nemo
2352 1849 2455 1910 est
2500 1847 2564 1909 in
2612 1845 2935 1927 cognatio-

334 1966 414 2012 ne
438 1955 567 2033 tua‚
611 1949 719 2031 qui
748 1952 1012 2014 uocetur
1034 1946 1152 2014 hoc
1197 1949 1469 2013 nomine.
1517 1951 1619 2015 62.
1648 1950 2034 2016 Adnuebant
2080 1955 2289 2016 autem
2325 1951 2493 2032 patri
2540 1950 2697 2030 eiuS,
2745 1966 2933 2031 quem

332 2053 531 2118 uellet
575 2054 790 2119 uocari
839 2071 1003 2119 eum.
1099 2055 1200 2119 63.
1250 2053 1335 2117 Et
1380 2055 1629 2137 accepit
1672 2055 2048 2138 pugillarem
2109 2062 2175 2122 et
2219 2054 2480 2137 scripsit
2525 2055 2775 2120 dicens:
2821 2051 2933 2118 Jo-

328 2157 570 2224 hannes
635 2163 735 2224 est
787 2176 1014 2223 nomeu
1081 2160 1238 2225 eius.
1329 2157 1417 2222 Et
1464 2161 1763 2225 continuo
1833 2159 2117 2225 resoluta
2186 2164 2286 2225 est
2350 2158 2568 2241 lingua
2638 2159 2797 2235 eius,
2867 2161 2933 2222 et

333 2282 555 2333 omnes
616 2264 828 2329 mirati
875 2268 1040 2330 sunt.
1137 2265 1446 2344 Apertum
1493 2268 1595 2329 est
1639 2269 1854 2329 autem
1900 2283 1971 2330 os
2019 2263 2158 2329 eius
2205 2268 2272 2329 et
2314 2264 2696 2348 loquebatur
2742 2263 2930 2328 bene-

329 2368 554 2437 dicens
601 2369 810 2434 deum.
902 2368 1006 2433 65.
1056 2368 1142 2432 Et
1185 2366 1394 2434 factus
1463 2375 1562 2434 est
1608 2367 1798 2434 timor
1843 2387 2109 2452 magnus
2184 2387 2376 2450 super
2422 2388 2639 2434 omnes
2686 2369 2934 2433 uicinos

332 2478 548 2539 eorum
595 2478 660 2539 et
708 2474 773 2538 in
834 2473 1134 2539 uniuersa
1180 2477 1478 2539 montana
1539 2473 1810 2555 Judeae‚
1859 2478 1926 2539 et
1972 2473 2470 2557 diuulgabantur
2516 2473 2678 2539 haec
2725 2472 2935 2538 omnia

335 2578 547 2644 uerba.
597 2581 704 2646 66.
749 2582 817 2644 et
863 2582 1216 2661 posuerunt
1259 2595 1497 2658 omneS,
1546 2578 1657 2661 qui
1703 2578 2044 2645 audierant
2092 2579 2157 2644 in
2206 2580 2400 2644 corde
2446 2598 2561 2644 suo
2608 2578 2932 2643 dicentes:

336 2681 499 2760 Quid
545 2683 766 2765 utique
811 2682 936 2749 erit
982 2701 1140 2766 puer
1208 2685 1366 2762 iste3
1430 2686 1663 2749 etenim
1734 2702 1958 2749 manus
2030 2685 2267 2749 domini
2314 2704 2455 2750 cum
2503 2684 2614 2750 illo
2661 2689 2778 2749 est.
2829 2682 2930 2748 67.

335 2788 419 2855 Et
484 2787 867 2854 Zaccharias
935 2788 1236 2868 impletus
1302 2793 1405 2853 est
1470 2789 1703 2872 spiritu
1773 2794 1992 2856 sancto
2063 2795 2130 2855 et
2202 2789 2630 2871 prophetabat
2695 2788 2933 2852 dicens.

334 2894 435 2960 68.
485 2892 872 2959 Benedictus
941 2892 1100 2960 deus
1144 2893 1443 2969 Istrahel,
1513 2894 1663 2976 quia
1732 2894 2031 2959 uisitauit
2097 2898 2162 2958 et
2206 2893 2365 2959 fecit
2434 2894 2934 2976 redemptionem

337 2997 547 3080 plebis
615 3015 787 3077 suae,
864 3000 967 3065 69.
1016 3003 1081 3063 et
1128 2998 1333 3063 erexit
1394 3015 1590 3064 cornu
1652 2999 1880 3063 salutis
1925 2998 2107 3064 nobis
2153 3000 2217 3064 in
2263 2999 2449 3067 domo
2497 3000 2710 3065 Dauid
2758 2998 2938 3079 pueri

337 3104 436 3169 sui
528 3104 630 3168 70.
679 3104 846 3169 sicut
912 3102 1168 3169 locutus
1236 3108 1337 3168 est
1412 3122 1529 3187 per
1598 3121 1669 3169 os
1716 3109 2081 3170 sanctorum
2150 3122 2411 3170 suorum
2459 3105 2934 3187 prophetarum,

337 3209 442 3290 qui
491 3208 571 3274 ab
639 3226 800 3275 aeuo
847 3211 1015 3274 sunt.
1111 3208 1211 3273 71.
1255 3208 1345 3275 Et
1387 3208 1689 3274 liberauit
1762 3227 1878 3274 nos
1946 3209 2028 3275 ab
2092 3209 2370 3276 inimicis
2439 3212 2676 3276 nostris
2744 3213 2812 3274 et
2856 3208 2936 3272 de

338 3333 528 3379 manu
595 3314 897 3395 omnium,
967 3315 1075 3395 qui
1147 3331 1261 3379 nos
1330 3313 1618 3380 oderunt.
1712 3314 1814 3379 72.
1864 3314 1963 3379 Ad
2009 3314 2368 3380 faciendam
2436 3314 2936 3382 misericordiam

339 3439 482 3487 cum
543 3419 835 3501 patribus
903 3419 1143 3484 nostris
1197 3423 1265 3482 et
1333 3419 1671 3484 memorari
1723 3422 2097 3485 testamenti
2167 3422 2374 3485 sancti
2446 3424 2565 3500 sui,
2656 3424 2758 3488 73.
2808 3421 2939 3485 ius-

341 3524 677 3591 iurandum
725 3523 894 3605 quod
940 3523 1180 3588 iurauit
1204 3523 1287 3589 ad
1314 3523 1632 3588 Abraham
1677 3529 1921 3605 patrem
1971 3529 2256 3590 nost-rum
2304 3526 2597 3591 daturum
2644 3544 2713 3592 se
2736 3525 2938 3605 nobis,
3009 3595 3014 3599 ,

340 3632 438 3697 74.
485 3635 555 3696 ut
600 3630 739 3694 siue
787 3628 1014 3694 timore
1063 3629 1142 3693 de
1190 3646 1378 3693 manu
1424 3628 1824 3693 inimicorum
1874 3634 2237 3694 nostrorum
2284 3629 2535 3695 liberati
2587 3631 2938 3695 seruiamus

342 3734 460 3817 illi,
551 3734 655 3799 75.
704 3734 767 3799 in
814 3733 1159 3800 sanctitate
1207 3736 1273 3797 et
1315 3730 1565 3797 iustitia
1610 3750 1824 3796 coram
1870 3734 2011 3814 ipso
2059 3731 2350 3799 omnibus
2398 3735 2624 3801 diebus
2674 3734 2934 3800 nostris.

347 3841 446 3906 76.
493 3840 580 3904 Et
624 3842 693 3904 tu
739 3858 916 3921 puer,
965 3838 1282 3921 propheta
1327 3837 1623 3903 altissimi
1673 3838 2042 3914 uocaueris;
2107 3836 2386 3921 praeibis
2433 3839 2600 3904 enim
2646 3843 2798 3904 ante
2843 3838 2937 3904 fa-

344 3945 503 4010 ciem
549 3943 786 4010 domini
832 3962 1060 4027 parare
1105 3944 1249 4008 uias
1295 3943 1454 4022 eius,
1521 3945 1619 4008 77.
1668 3941 1750 4007 ad
1801 3942 2073 4008 dandam
2120 3943 2448 4008 scientiam
2494 3945 2721 4010 salutis
2768 3943 2936 4026 plebi

339 4048 478 4114 eius
522 4049 587 4114 in
635 4049 1075 4114 remissionem
1122 4053 1526 4130 peccatorum
1573 4066 1813 4127 eorum,
1865 4048 1963 4114 78.
2001 4065 2117 4127 per
2165 4048 2419 4113 uiscera
2465 4049 2939 4113 misericordiae

340 4156 443 4222 dei
490 4156 714 4233 nostri,
763 4156 827 4220 in
861 4154 1094 4237 quibus
1142 4154 1435 4221 uisitauit
1482 4170 1595 4218 nos
1640 4154 1853 4220 oriens
1899 4172 1978 4218 ex
2022 4154 2175 4232 alto,
2268 4157 2367 4220 79.
2417 4153 2793 4219 inluminare
2840 4153 2940 4232 iis,

337 4261 447 4343 qui
493 4262 559 4326 in
605 4261 887 4327 tenebris
935 4265 1000 4325 et
1044 4259 1110 4324 in
1155 4259 1383 4324 umbra
1447 4258 1674 4324 mortis
1740 4259 1988 4337 sedent,
2035 4259 2116 4324 ad
2163 4259 2527 4342 dirigendos
2587 4258 2786 4341 pedes
2832 4277 2943 4324 no-

337 4371 507 4432 stros
554 4366 618 4429 in
664 4366 832 4431 uiam
881 4365 1077 4447 pacis.
1171 4364 1272 4428 80.
1324 4364 1489 4428 Puer
1534 4367 1748 4428 autem
1812 4365 2141 4430 crescebat
2211 4370 2277 4430 et
2335 4364 2813 4432 confortabatur
2878 4365 2945 4429 in

338 4471 595 4553 spiritu,
642 4475 708 4535 et
756 4476 896 4536 erat
942 4471 1004 4535 in
1055 4470 1311 4534 deserto
1360 4487 1563 4549 usque
1609 4470 1673 4533 iu
1724 4469 1891 4533 diem
1940 4488 2124 4534 suum
2171 4469 2249 4536 ad
2297 4469 2586 4535 Istrahel.

546 4677 646 4746 ll.
697 4684 753 4746 1.
801 4679 1063 4745 Factum
1114 4684 1217 4746 est
1261 4685 1475 4745 autem
1523 4680 1588 4743 in
1621 4678 1848 4744 diebus
1894 4678 2026 4742 illis
2072 4679 2234 4745 exiit
2277 4679 2555 4745 edictum
2601 4699 2639 4743 a
2688 4696 2946 4744 caesare

342 4784 656 4868 Augusto,
706 4788 780 4850 ut
818 4782 1232 4864 profiteretur
1293 4786 1636 4851 uniuersus
1684 4783 1860 4849 orbis
1905 4787 2234 4849 terrarum.
2326 4785 2388 4848 2.
2440 4834 2450 4848 .
2500 4834 2515 4850 .
2569 4835 2582 4850 .
2633 4784 2944 4866 professio
