3484 5617
338 502 395 556 C.
440 508 524 560 12.
1121 497 1485 570 Euangelium
1523 498 1825 556 secundum
1864 498 2162 558 Lucanum.
2819 507 2942 575 101

351 714 530 781 dico:
577 714 779 779 nolite
825 714 1081 779 solliciti
1128 731 1274 779 esse
1318 714 1567 779 animae
1597 715 1749 797 quid
1783 714 2199 799 manducatis,
2246 734 2453 799 neque
2487 716 2757 799 corpori,
2795 716 2951 799 quid

336 818 706 884 induamini.
756 821 858 886 23.
909 819 1137 884 Anima
1183 820 1348 884 enim
1398 819 1542 901 plus
1587 825 1688 885 est
1733 839 1920 900 quam
1970 838 2136 899 esca,
2186 825 2252 887 et
2292 840 2523 906 corpus
2567 822 2712 904 plus
2758 839 2949 903 quam

335 924 814 991 uestimentum.
909 925 1010 989 24.
1062 922 1478 990 Considerate
1511 943 1760 1003 coruos,
1809 926 1961 1006 quia
2005 944 2131 991 nou
2178 926 2513 1006 seminant,
2560 945 2772 1009 neque
2817 946 2949 991 me·

336 1033 500 1108 tunt,
548 1027 777 1111 quibus
824 1047 948 1094 non
995 1032 1096 1093 est
1144 1027 1497 1109 cellarium,
1559 1049 1769 1112 neque
1816 1030 2131 1108 borreum,
2196 1037 2263 1098 et
2309 1033 2466 1098 deus
2527 1033 2738 1115 pascit
2780 1032 2946 1115 ilios,

339 1139 573 1214 quanto
621 1132 824 1217 magis
870 1152 987 1198 uos
1039 1132 1251 1212 plures
1301 1134 1456 1200 estis
1527 1134 1807 1200 auibus?
1897 1137 2000 1202 25.
2051 1136 2208 1214 Quis
2254 1142 2467 1203 autem
2513 1142 2799 1203 uestrum
2848 1155 2949 1203 co-

343 1239 600 1321 gitando
645 1241 862 1320 potest
885 1237 1142 1302 adicere
1188 1243 1428 1304 statum
1476 1257 1660 1304 suum
1709 1240 1995 1306 cubitum
2042 1242 2286 1306 unum?
2334 1244 2436 1308 26.
2485 1242 2568 1307 Et
2601 1242 2682 1306 de
2714 1241 2946 1307 ceteris

345 1349 414 1409 ut
456 1342 606 1426 quid
652 1341 911 1409 solliciti
960 1343 1161 1408 estis?
1210 1344 1312 1408 27.
1364 1343 1783 1410 Considerate
1829 1345 1966 1411 lilia
2011 1346 2169 1429 agri,
2242 1347 2558 1428 quomodo
2623 1353 2941 1430 crescunt,

342 1469 464 1514 non
508 1449 824 1528 laborant,
872 1467 1080 1530 neque
1128 1455 1342 1530 neunt,
1390 1468 1597 1533 neque
1645 1455 1888 1534 texunt,
1953 1452 2092 1517 dico
2140 1458 2352 1516 autem
2399 1453 2603 1534 uobis„
2650 1451 2947 1532 quoniam

339 1574 456 1620 neo
501 1553 796 1620 Solomou
844 1554 909 1617 in
956 1556 1124 1620 omni
1194 1555 1305 1619 illa
1350 1556 1555 1639 gloria
1601 1574 1716 1622 sua
1778 1556 2180 1623 uestiebatur
2226 1557 2394 1624 sicut
2438 1574 2602 1621 unus
2648 1574 2726 1620 ex
2769 1556 2936 1622 istis.

337 1660 443 1726 28.
491 1660 623 1724 Aut
691 1659 910 1724 uidete
972 1657 1224 1724 faenum
1274 1711 1289 1725 .
1341 1710 1354 1724 .
1404 1712 1419 1726 .
1469 1711 1484 1727 .
1535 1661 1573 1726 d
1635 1661 1717 1725 ho
1769 1711 1782 1725 .
1832 1712 1847 1726 .
1897 1712 1911 1727 .
1962 1713 1977 1727 .
2042 1679 2196 1744 agro
2257 1667 2358 1728 est
2404 1712 2419 1728 .
2469 1709 2483 1724 .
2537 1713 2549 1726 .
2599 1713 2613 1727 .
2679 1678 2821 1726 cras
2880 1659 2947 1724 in

343 1764 663 1829 clibanum
710 1763 1004 1839 mittitur,
1070 1765 1229 1831 deus
1275 1766 1369 1830 sic
1429 1766 1647 1844 uestit,
1696 1768 1935 1848 quanto
1997 1767 2200 1849 magis
2247 1785 2361 1832 uos
2405 1766 2692 1832 modicae
2736 1763 2941 1830 fidei?

335 1870 439 1936 29.
490 1867 576 1933 Et
618 1886 736 1935 uos
763 1868 960 1933 nolite
1007 1887 1318 1950 quaerere
1364 1868 1519 1951 quid
1566 1870 1966 1935 manducetis
1991 1876 2103 1935 aut
2148 1870 2303 1953 quid
2330 1871 2606 1947 bibatis;
2634 1874 2700 1934 et
2744 1870 2946 1934 nolite

337 1973 596 2039 solliciti
643 1991 810 2054 esse,
871 1974 976 2038 30.
1022 1973 1182 2039 haec
1225 1974 1394 2040 enim
1439 1979 1663 2055 gentes
1708 1973 1900 2040 huius
1963 1976 2178 2041 mundi
2226 1981 2558 2057 quaeruut.
2608 1973 2788 2039 Scit.
2825 2024 2837 2038 .
2875 2021 2889 2034 .
2925 2024 2940 2042 .

335 2083 521 2160 pater
580 2084 819 2159 uester,
898 2078 1193 2158 quoniam
1260 2078 1486 2144 horum
1558 2078 1837 2144 omnium
1908 2079 2228 2162 indigetis,
2320 2083 2421 2147 31.
2490 2079 2944 2145 Uerumtamen

337 2185 627 2265 quaerite
671 2201 937 2266 regnum
985 2183 1107 2267 dei,
1155 2187 1221 2249 et
1266 2185 1424 2250 haec
1487 2185 1701 2250 omnia
1750 2186 2111 2250 adicientur
2159 2185 2361 2250 uobis,
2452 2186 2557 2251 32.
2603 2184 2821 2250 Nolite
2867 2184 2945 2249 ti-

334 2307 511 2353 mere
552 2287 825 2369 pusillus
871 2306 1047 2370 greX,
1095 2288 1244 2368 quia
1293 2288 1656 2371 conplacuit
1701 2295 1885 2371 patre
1930 2295 2144 2356 uestro
2191 2289 2345 2355 dare
2406 2290 2588 2355 uobis
2658 2308 2944 2372 regnum.

333 2395 435 2460 33.
484 2391 782 2473 Uendite‚
847 2411 1011 2474 quae
1070 2393 1437 2476 possidetis,
1501 2400 1567 2458 et
1628 2394 1778 2459 date
1838 2394 2300 2477 elemosynam:
2365 2399 2430 2459 et
2489 2392 2683 2459 facite
2743 2392 2927 2459 uobis

336 2497 617 2574 saculoS,
663 2500 770 2580 qui
822 2517 947 2563 non
995 2503 1421 2582 ueterescant‚
1471 2498 1889 2564 thensaurum
1936 2497 2401 2566 indeficientem
2448 2499 2514 2563 in
2559 2498 2778 2573 caelis,
2814 2517 2939 2581 quo

334 2602 436 2669 fur
477 2622 604 2668 non
652 2602 1015 2684 adpropiat,
1064 2620 1271 2683 neque
1319 2604 1494 2668 tinea
1541 2604 1909 2688 corrumpit,
1959 2610 2024 2668 et
2068 2604 2177 2669 ubi
2224 2603 2401 2669 fures
2446 2622 2571 2668 non
2625 2602 2938 2668 effodiunt

338 2712 402 2772 et
444 2706 761 2773 furantur.
810 2708 908 2773 34.
962 2704 1126 2772 Nam
1172 2708 1282 2772 ubi
1329 2708 1715 2774 thensaurus
1765 2713 1982 2774 uester
2026 2713 2145 2792 est,
2193 2708 2282 2774 ibi
2328 2715 2428 2774 est
2476 2726 2586 2772 cor
2629 2711 2938 2773 uestrum.

338 2815 439 2880 35.
487 2814 631 2880 Sint
681 2817 894 2877 autem
964 2813 1162 2877 lumbi
1208 2815 1412 2878 uestri
1478 2814 1830 2896 praecincti
1876 2818 1944 2879 et
1986 2814 2285 2879 lucernae
2333 2813 2653 2893 ardenteS‚
2724 2814 2827 2878 36.
2876 2816 2943 2875 et

337 2937 450 2984 uos
517 2918 761 2984 similes
832 2917 1189 2983 hominibus
1254 2919 1741 3002 expectantibus
1808 2919 2129 2984 dominum
2194 2936 2376 2984 suum
2426 2916 2680 2999 quaudo
2721 2934 2943 2981 reuer-

339 3029 512 3088 tatur
556 3042 595 3088 a
639 3024 901 3104 nuptiis,
951 3028 1025 3088 ut
1072 3040 1213 3087 cum
1262 3024 1514 3090 uenerit
1574 3028 1640 3089 et
1699 3025 2079 3106 pulsauerit,
2144 3021 2479 3089 confestim
2524 3021 2818 3104 aperiant
2863 3020 2941 3087 ei.

346 3130 446 3194 37.
491 3127 673 3193 Beati
733 3128 906 3193 serui
953 3128 1068 3208 illi,
1118 3147 1277 3210 quos
1325 3148 1463 3194 cum
1511 3127 1765 3195 benerit
1821 3129 2133 3208 domiuus,
2197 3127 2522 3192 inuenerit
2578 3127 2941 3209 uigilantes.

342 3232 536 3299 Amen
581 3234 723 3299 dico
769 3233 980 3313 uobis,
1045 3235 1213 3316 quod
1275 3233 1647 3316 praecinget
1708 3251 1781 3298 se
1842 3239 1909 3299 et
1973 3233 2151 3300 iubet
2209 3233 2355 3298 illos
2410 3231 2831 3311 discumbere,
2880 3237 2946 3296 et

341 3339 613 3404 transiet
658 3343 723 3404 et
783 3338 1176 3404 ministrauit
1240 3339 1391 3405 illis.
1458 3340 1558 3406 38.
1628 3340 1816 3431 Etsi
1864 3340 2116 3405 uenerit
2178 3337 2550 3421 uesper-tina
2607 3335 2835 3419 uigilia
2878 3340 2945 3400 et

335 3443 425 3509 ita
456 3444 797 3524 inuenerit,
832 3443 1003 3509 beati
1038 3448 1204 3518 sunt,
1239 3446 1535 3525 quoniam
1571 3444 1820 3510 iubebit
1850 3444 1997 3510 illos
2029 3443 2427 3509 discumbere
2462 3448 2529 3507 et
2558 3441 2946 3508 ministrabit

334 3547 483 3616 illis.
532 3550 637 3615 39.
687 3546 825 3613 Hoc
869 3553 1081 3615 autem
1129 3548 1379 3629 scitote,
1428 3550 1578 3632 quia
1624 3550 1679 3615 si
1731 3551 1927 3616 sciret
1958 3548 2439 3631 paterfamiliaS,
2488 3566 2614 3628 qua
2657 3547 2814 3613 hora
2846 3547 2945 3612 fur

335 3654 534 3733 uenit,
597 3653 919 3736 uigilaret,
988 3659 1054 3718 et
1117 3673 1242 3718 non
1306 3654 1548 3720 sineret
1606 3654 1913 3736 perfodiri
1969 3655 2224 3719 domum
2269 3672 2469 3719 suam.
2542 3652 2643 3717 40.
2692 3652 2779 3716 Et
2825 3669 2942 3716 uos

332 3760 542 3824 estote
606 3758 833 3843 parati,
896 3776 1022 3840 qua
1068 3759 1228 3824 hora
1274 3778 1396 3824 non
1465 3760 1708 3840 putatis
1755 3758 1924 3824 filius
1988 3757 2262 3823 hominis
2307 3762 2618 3823 uenturus
2664 3761 2784 3821 est.
2834 3755 2938 3821 41.

333 3863 514 3928 Dixit
575 3869 789 3929 autem
861 3863 1126 3928 Petrus:
1188 3863 1485 3944 Domine,
1547 3863 1631 3929 ad
1689 3882 1807 3927 nos
1869 3863 2028 3928 dicis
2082 3862 2248 3927 hanc
2309 3860 2810 3941 similitudinem,
2861 3878 2940 3924 an

332 3968 415 4032 ad
460 3969 733 4034 omnes?
777 3970 882 4033 42.
931 3968 1113 4033 Dixit
1158 3973 1370 4033 autem
1415 3968 1642 4034 Jesus:
1693 3968 1851 4045 Quis
1883 3972 1985 4033 est
2014 3965 2226 4033 fidelis
2259 3966 2664 4049 dispensator
2696 3968 2762 4030 et
2790 3983 2939 4046 pru·

335 4073 511 4143 dens,
558 4092 745 4156 quem
793 4074 1134 4140 constituit
1197 4074 1488 4140 dominus
1552 4092 1747 4156 super
1806 4072 2109 4138 familiam
2160 4090 2363 4151 suam,
2428 4075 2501 4135 ut
2544 4070 2655 4135 det
2700 4067 2829 4133 iliis
2876 4069 2940 4133 in

332 4180 620 4261 tempore
666 4180 866 4244 tritici
915 4180 1326 4244 mensuram?
1371 4180 1478 4244 43.
1528 4178 1775 4243 Beatus
1821 4196 2050 4244 seruus
2099 4177 2230 4262 ille,
2279 4196 2468 4261 quem
2514 4195 2655 4241 cum
2686 4174 2943 4241 uenerit

332 4282 629 4350 dominus
661 4285 821 4365 eius,
852 4286 1140 4350 inueniet
1172 4285 1263 4350 ita
1294 4283 1652 4350 facientem.
1700 4284 1807 4350 44.
1854 4283 2027 4349 Uere
2062 4284 2201 4350 dico
2243 4284 2447 4363 uobiS,
2480 4300 2674 4367 supra
2705 4281 2938 4360 omnia,

335 4405 500 4469 quae
564 4389 872 4471 possidet,
946 4389 1294 4453 constituet
1356 4387 1559 4453 illum.
1629 4388 1734 4453 45.
1784 4389 1966 4466 Quod
2029 4387 2082 4453 si
2146 4388 2381 4455 dixerit
2440 4405 2666 4452 seruus
2719 4386 2829 4450 ille
2875 4385 2942 4450 in

332 4494 526 4558 corde
573 4512 689 4559 suo
737 4494 990 4559 dicens:
1039 4491 1285 4558 Moram
1314 4491 1474 4557 facit
1520 4491 1814 4558 dominus
1861 4512 2042 4558 meus
2090 4496 2333 4568 uenire,
2380 4498 2447 4559 et
2478 4492 2764 4573 coeperit
2794 4509 2941 4572 per·

333 4601 552 4664 cutere
598 4617 835 4682 pueros
880 4604 946 4664 et
991 4598 1256 4663 ancillas
1302 4600 1371 4662 et
1415 4596 1605 4661 edere
1666 4601 1730 4661 et
1775 4597 1994 4662 bibere
2040 4603 2104 4663 et
2151 4597 2481 4664 inebriari.
2552 4598 2656 4663 46.
2705 4593 2944 4660 Ueniet

335 4752 350 4768 .
388 4749 403 4763 .
431 4749 447 4765 .
497 4704 669 4768 serui
716 4703 892 4768 illius
939 4703 1005 4767 in
1050 4703 1172 4783 die,
1219 4720 1345 4784 qua
1390 4721 1515 4767 non
1563 4706 1783 4782 sperat
1829 4704 1895 4765 et
1941 4702 2116 4780 hora,
2165 4721 2289 4784 qua
2319 4702 2542 4785 nescit,
2594 4706 2662 4766 et
2693 4699 2943 4764 diuidet

331 4825 498 4890 eum,
545 4812 920 4891 partemque
965 4810 1104 4875 eius
1152 4827 1291 4875 cum
1326 4803 1692 4874 infidelibus
1724 4811 1934 4890 ponet.
1982 4807 2090 4874 47..
2131 4806 2251 4873 Ille
2282 4825 2530 4883 seruus,
2566 4806 2677 4890 qui
2708 4823 2941 4891 cogno·
