3484 5617
617 461 700 525 3ss
1374 453 1734 521 Euangelium
1774 452 2077 506 secundum
2116 453 2485 507 Matthaeum.
3049 455 3119 509 C.
3166 460 3254 509 26.

620 667 775 733 Cum
826 678 1037 732 autem
1087 666 1340 731 uenerit
1386 665 1555 729 filius
1602 664 1876 731 hominis
1924 666 1988 729 in
2035 664 2371 730 maiestate
2436 683 2551 730 sua
2624 671 2690 730 et
2737 685 2955 733 omnes
3017 667 3256 749 angeli

620 793 760 839 cum
809 791 905 851 ee,
952 777 1102 837 tunc
1167 770 1418 837 sedebit
1463 789 1655 852 super
1716 770 1930 836 sedem
1980 770 2336 835 maiestatis
2384 789 2558 850 suae,
2625 772 2727 837 32.
2779 775 2843 836 et
2889 789 3257 854 congrega-

618 881 855 944 buntur
924 881 1070 942 ante
1141 894 1285 940 eum
1355 894 1572 941 omnes
1620 880 1863 956 genteS,
1938 880 2004 940 et
2066 875 2393 958 separabit
2455 894 2565 942 eos
2631 876 2709 941 ab
2757 877 3055 958 inuicem,
3137 878 3255 942 33-

617 986 783 1049 sicut
828 988 1043 1065 pastor
1089 987 1387 1063 segregat
1433 998 1586 1046 oues
1633 981 1712 1044 ab
1761 981 1970 1059 aedis3
2022 985 2088 1044 et
2133 985 2377 1046 statuet
2422 999 2576 1047 oues
2622 982 2702 1047 ad
2754 982 3004 1047 dextris
3077 982 3254 1074 suiS,

619 1090 815 1154 aedos
861 1091 1070 1153 autem
1121 1087 1199 1150 ad
1248 1085 1545 1151 sinistris.
1596 1086 1698 1150 34.
1748 1086 1925 1150 Tunc
1972 1086 2131 1151 dicit
2178 1104 2290 1149 rex
2338 1084 2455 1164 his,
2504 1086 2612 1166 qui
2675 1086 2754 1150 ad
2804 1087 3042 1151 dextris
3099 1088 3254 1151 eius

622 1199 805 1260 suntz‘
870 1193 1097 1256 Benite
1144 1190 1466 1256 benedicti
1535 1190 1734 1270 patris
1782 1192 1929 1267 mei,
1992 1190 2319 1272 possidete
2386 1195 2674 1272 paratum
2737 1190 2918 1257 uobis
2965 1211 3252 1274 regnum

622 1318 660 1363 a
687 1297 1139 1364 constitutione
1164 1295 1401 1359 mundi.
1435 1296 1536 1361 35.
1568 1295 1789 1360 Esurii
1818 1296 2005 1373 enim,
2033 1301 2098 1360 et
2124 1294 2390 1361 dedistis
2415 1295 2565 1359 mihi
2593 1296 3019 1377 manducare;
3057 1297 3256 1372 sitini

622 1410 688 1470 et
711 1402 982 1469 dedistis
1005 1400 1162 1465 mihi
1187 1405 1436 1482 potum3
1461 1400 1563 1466 36.
1593 1418 1780 1481 ospes
1809 1419 2005 1476 eram,
2023 1405 2088 1465 et
2114 1398 2464 1466 collexistis
2495 1419 2627 1479 me;
2656 1402 2882 1481 nuduS,
2911 1405 2974 1466 et
2999 1420 3251 1484 operu-

621 1509 764 1576 istis
794 1526 914 1591 me,
934 1506 1246 1585 infirmati,
1266 1508 1331 1569 et
1358 1505 1674 1571 uisitastis
1701 1524 1820 1585 me,
1848 1505 1910 1569 in
1939 1524 2256 1570 carcerem
2275 1525 2468 1589 eram,
2490 1512 2553 1571 et
2578 1506 2847 1572 uenistis
2872 1508 2950 1571 ad
2982 1526 3112 1574 me.
3145 1510 3255 1573 37.

623 1617 800 1682 Tunc
848 1612 1322 1695 respondebunt
1362 1612 1419 1675 ei
1465 1610 1617 1676 iusti
1665 1612 1984 1677 dicentes:
2031 1611 2301 1690 domine,
2345 1613 2600 1692 quando
2625 1616 2690 1675 te
2714 1612 2992 1677 uidimus
3030 1615 3250 1679 esuri-

626 1725 855 1799 entem,
887 1723 951 1784 et
975 1718 1267 1801 pauimus
1290 1721 1375 1795 te,
1403 1717 1745 1795 sitientem,
1766 1722 1834 1781 et
1859 1717 2148 1782 dedimus
2184 1716 2299 1781 tibi
2324 1722 2587 1799 potum?
2615 1718 2719 1783 38.
2739 1719 2992 1799 quando
3018 1724 3246 1783 autem

626 1830 692 1890 te
731 1824 1009 1889 uidimus
1054 1822 1373 1903 hospitem
1408 1825 1472 1885 et
1503 1821 1874 1904 collegimus
1913 1827 1998 1897 te,
2035 1828 2145 1888 aut
2193 1824 2456 1900 nudum,
2490 1827 2558 1887 et
2589 1823 2985 1904 cooperimus
3017 1829 3109 1887 te.
3139 1826 3244 1889 39.

628 1933 739 1993 aut
785 1927 1040 2009 quando
1092 1924 1407 1989 infirmum
1454 1931 1569 1991 aut
1613 1925 1676 1990 in
1726 1944 2051 1991 carcerem
2114 1932 2178 1990 et
2222 1928 2516 1992 uenimus
2563 1929 2642 1992 ad
2691 1928 2807 1991 te?
2851 1930 2952 1995 40.
3005 1929 3095 1994 Et
3143 1949 3240 1993 re-

629 2032 950 2115 spondens
998 2050 1110 2096 rex
1159 2031 1315 2095 dicit
1345 2030 1507 2095 illis:
1561 2032 1762 2096 Amen
1795 2032 1938 2097 dico
1965 2031 2168 2110 uobiS,
2220 2032 2519 2114 quamdiu
2554 2032 2798 2098 fecistis
2844 2032 2954 2097 uni
3002 2034 3239 2099 horum

628 2137 900 2202 fratrum
948 2155 1230 2201 meorum
1288 2136 1710 2215 minimorum,
1784 2136 1936 2201 mihi
1985 2136 2248 2203 fecistis,
2313 2139 2416 2202 41.
2466 2138 2640 2202 Tunc
2687 2138 2842 2203 dicit
2888 2141 2963 2218 is,
3014 2140 3126 2220 qui
3162 2140 3236 2204 ad

633 2242 911 2308 sinistris
982 2243 1121 2307 eius
1183 2246 1363 2306 sunt:
1436 2241 1746 2330 discedite
1817 2261 1854 2305 a
1923 2261 2023 2305 nie
2082 2242 2403 2307 maledicti
2474 2244 2539 2307 in
2603 2244 2806 2325 ignem
2880 2248 3231 2323 aeternum,

631 2367 814 2432 quem
878 2347 1130 2429 parauit
1191 2352 1374 2428 pater
1418 2364 1597 2410 meus
1644 2345 1902 2411 diabulo
1950 2352 2013 2412 et
2060 2346 2304 2427 angelis
2367 2349 2523 2416 eius,
2617 2351 2721 2412 42.
2772 2348 2988 2413 Esurii
3036 2351 3219 2429 enim,

634 2459 700 2518 et
746 2472 869 2518 non
906 2441 1189 2517 ssdedistis
1234 2450 1390 2515 mihi
1438 2452 1868 2528 manducare3
1942 2450 2136 2535 sitini,
2194 2456 2258 2516 et
2289 2472 2412 2516 nou
2462 2452 2734 2518 dedistis
2791 2453 2944 2518 mihi
2982 2456 3212 2535 potum,·

640 2562 747 2626 43.
798 2560 1035 2640 hospes
1105 2575 1297 2636 eram,
1363 2560 1428 2621 et
1487 2575 1611 2620 non
1673 2555 2021 2622 collexistis
2093 2576 2210 2641 me,
2275 2557 2503 2636 nudus,
2567 2563 2634 2623 et
2694 2576 2818 2622 non
2873 2557 3208 2641 operuistis,

632 2663 919 2729 infirmus
965 2667 1031 2727 et
1076 2662 1142 2728 in
1188 2680 1524 2741 carcerem,
1575 2667 1640 2726 et
1687 2681 1811 2726 non
1861 2662 2176 2727 uisitastis
2225 2680 2342 2726 me.
2390 2663 2494 2728 44.
2549 2662 2725 2727 Tunc
2759 2662 3223 2744 respondebunt

638 2773 705 2833 et
752 2769 874 2849 ipsi
909 2767 1222 2833 dicentes:
1281 2767 1555 2848 domine,
1606 2767 1861 2848 quando
1908 2771 1972 2832 te
2005 2764 2284 2832 uidimus
2332 2767 2715 2832 esurientem
2752 2772 2866 2831 aut
2895 2766 3227 2843 sitientem,

634 2877 744 2938 aut
791 2873 1130 2954 hospitem,
1181 2875 1291 2935 aut
1337 2872 1594 2950 nudum,
1643 2870 1746 2936 uel
1796 2873 1859 2936 in
1907 2891 2252 2950 carcerem,
2318 2876 2428 2936 aut
2473 2870 2787 2935 infirmum
2837 2877 2901 2937 et
2949 2890 3073 2937 non
3124 2872 3231 2935 mi-

632 2977 1052 3043 nistrabimus
1102 2976 1212 3041 te?
1257 2979 1362 3042 45.
1435 2977 1611 3041 Tunc
1658 2977 2073 3058 respondebit
2121 2977 2248 3041 illis
2298 2978 2544 3042 dicens:
2598 2977 2795 3041 Amen
2844 2976 2987 3042 dico
3022 2977 3233 3041 uobis:

633 3082 913 3165 quandiu
963 3101 1087 3146 non
1134 3080 1382 3146 fecistis
1432 3081 1539 3145 uni
1588 3081 1666 3146 de
1715 3081 2063 3146 minoribus
2107 3082 2230 3160 his,
2281 3101 2395 3146 nec
2430 3081 2582 3145 mihi
2616 3081 2880 3147 fecistis.
2919 3081 3004 3147 Et
3035 3082 3237 3160 ibunt,

633 3189 699 3255 hi
746 3188 809 3252 in
856 3189 1064 3268 ignem
1115 3192 1466 3270 aeternum,
1524 3184 1676 3251 iusti
1725 3190 1934 3251 autem
1983 3187 2046 3250 in
2096 3188 2294 3251 uitam
2345 3190 2689 3251 aeternam.

842 3393 1111 3464 xxvl.
1169 3399 1219 3460 1.
1271 3396 1357 3460 Et
1389 3395 1628 3460 factum
1665 3399 1781 3479 est,
1817 3402 2158 3481 postquam
2194 3398 2656 3462 consummauit
2686 3396 2877 3462 Jesus
2909 3415 3244 3466 sermones

637 3503 756 3568 hos
807 3520 1044 3580 omneS,
1112 3501 1276 3566 dixit
1323 3499 1648 3583 discipulis
1696 3502 1871 3567 suis:
1944 3503 2002 3565 2.
2051 3501 2244 3567 Scitis
2292 3503 2440 3583 quia
2490 3505 2634 3584 post
2676 3502 2938 3568 biduum
3001 3506 3244 3587 pascha

638 3607 773 3692 fiet,
823 3611 889 3671 et
920 3606 1088 3672 filius
1122 3606 1405 3673 'hominis
1442 3607 1740 3672 tradetur
1787 3612 1858 3671 ut
1902 3606 2333 3690 crucifigatur.
2382 3610 2439 3674 3.
2488 3607 2663 3674 Tunc
2695 3610 3060 3691 congregati
3094 3615 3247 3675 sunt

638 3712 957 3795 principes
991 3712 1392 3777 sacerdotum
1428 3715 1493 3777 et
1523 3713 1808 3777 seniores
1840 3712 2060 3794 populi
2094 3713 2158 3776 in
2206 3714 2438 3777 atrium
2471 3713 2776 3795 principis
2810 3715 3243 3795 sacerdotum,

636 3820 746 3901 qui
793 3818 1125 3883 dicebatur
1176 3815 1410 3897 Caifas,
1458 3819 1518 3882 4.
1568 3821 1632 3881 et
1679 3817 2008 3882 consilium
2056 3816 2364 3893 fecerunt,
2395 3822 2464 3882 ut
2494 3816 2714 3881 Jesum
2763 3818 2908 3885 dolo
2940 3824 3248 3885 tenerent

640 3932 703 3989 et
749 3911 1138 3988 occiderent.
1201 3924 1257 3987 5.
1310 3922 1626 3986 Dicebant
1666 3926 1913 3987 autem:
1962 3927 2188 3987 utnon
2223 3923 2324 3987 die
2370 3921 2533 3988 festo
2581 3924 2889 3988 tumultus
2945 3921 3130 3988 fieret
3179 3926 3243 3989 in

643 4028 893 4110 populo.
967 4031 1026 4094 6.
1099 4024 1255 4091 Cum
1320 4032 1532 4091 autem
1597 4032 1772 4092 esset
1832 4027 2024 4092 Jesus
2084 4029 2147 4091 in
2211 4027 2522 4093 Bethania
2592 4030 2654 4092 in
2720 4029 2902 4093 domo
2964 4028 3244 4094 Simonis

638 4134 893 4217 leprosi,
953 4135 1008 4197 7.
1061 4132 1332 4197 accessit
1380 4131 1627 4196 adeum
1677 4131 1923 4207 mulier,
1976 4132 2216 4197 habens
2263 4131 2649 4199 alabastrum
2698 4133 3005 4215 unguenti
3054 4152 3243 4214 prae-

640 4238 792 4303 tiosi
839 4242 903 4302 et
949 4236 1181 4302 infudit
1228 4254 1419 4318 super
1468 4241 1662 4317 caput
1706 4237 1844 4302 eius
1889 4238 2297 4302 recumbente
2346 4239 2500 4319 ipso.
2550 4240 2611 4305 8.
2659 4237 2975 4303 Uidentes
3025 4243 3244 4302 autem

640 4341 937 4425 discipuli
982 4341 1294 4422 indignati
1341 4345 1493 4404 sunt
1542 4341 1859 4406 dicentes:
1909 4340 2000 4405 Ut
2046 4342 2198 4422 quid
2246 4341 2516 4422 perditio
2565 4340 2724 4407 haec
2769 4340 2840 4408 fit
2885 4340 3077 4406 huius
3125 4362 3242 4407 un·

639 4446 912 4528 guenti?
978 4449 1039 4511 9.
1089 4446 1299 4527 potuit
1358 4446 1524 4509 enim
1586 4444 1747 4511 istut
1805 4447 2160 4511 uenundari
2222 4448 2468 4528 praetio
2533 4452 2596 4512 et
2643 4446 2783 4510 dari
2830 4444 3241 4528 pauperibus.

644 4554 741 4618 10.
792 4550 972 4628 Quod
1021 4555 1093 4616 ut
1138 4549 1437 4631 cognouit
1486 4550 1677 4615 Jesus
1725 4551 1816 4615 ait
1846 4550 2008 4616 illis:
2060 4550 2225 4629 Quid
2260 4550 2509 4616 molesti
2543 4551 2698 4617 estis
2748 4553 2895 4616 huic
2931 4551 3243 4617 mulieri?

643 4654 822 4736 Opus
871 4656 1039 4720 enim
1085 4656 1318 4721 bonum
1354 4661 1613 4738 operata
1663 4661 1763 4722 est
1810 4658 1873 4721 in
1907 4675 2023 4722 me.
2075 4659 2172 4722 ll.
2223 4656 2384 4721 Nam
2418 4655 2668 4738 semper
2701 4676 3012 4739 pauperes
3044 4656 3242 4722 habe·

643 4761 790 4825 bitis
837 4756 1193 4842 uobiscum,
1268 4779 1367 4825 me
1418 4764 1632 4826 autem
1693 4780 1818 4825 non
1884 4779 2137 4844 semper
2196 4760 2532 4827 habebitis.
2612 4763 2705 4827 12.
2758 4759 3023 4827 Mittens
3071 4762 3240 4828 enim
