3484 5617
600 443 686 506 30
1356 437 1717 505 Euangeiium
1757 436 2059 492 secundum
2098 437 2458 493 Matthaeum.
3018 442 3078 495 C.
3115 451 3210 497 21.

607 649 709 716 35.
761 651 845 714 Et
877 650 1077 715 coloni
1114 648 1529 733 adprehensis
1563 647 1805 713 seruis:
1842 668 2037 713 unum
2071 649 2454 729 ceciderunt,
2490 650 2685 715 alium
2719 656 2928 716 autem
2960 652 3209 734 lapida-

602 758 851 832 uerunt,
915 754 1106 819 alium
1155 772 1308 819 uero
1357 753 1745 818 occiderunt.
1815 755 1916 820 36.
1967 754 2206 819 Iterum
2255 755 2430 819 misit
2478 755 2637 821 alios
2702 774 2923 822 seruos
2985 756 3210 839 plures

602 857 944 942 prioribus,
992 863 1058 923 et
1103 858 1385 924 fecerunt
1435 858 1568 924 illis
1615 858 1935 924 similiter.
1984 861 2087 924 37.
2137 858 2504 925 Nouissime
2550 866 2765 926 autem
2795 862 2971 927 misit
3005 860 3210 926 filium

602 984 783 1030 suum
830 965 1084 1029 unicum
1133 963 1389 1029 dicens:
1439 961 1753 1031 Forsitam
1803 964 2200 1029 uerebuntur
2246 963 2444 1028 filium
2493 965 2760 1030 meum?
2826 968 2928 1033 38.
2979 965 3208 1031 Coloni

602 1075 810 1136 autem
862 1071 1156 1135 uidentes
1205 1068 1399 1134 filium
1464 1067 1759 1134 dixerunt
1807 1069 1977 1134 intra
2022 1087 2123 1134 se:
2191 1068 2314 1134 Hic
2361 1073 2459 1133 est
2506 1069 2715 1148 heres,
2779 1070 2993 1136 uenite
3038 1072 3207 1137 occi·

604 1175 828 1240 damus
876 1195 1038 1254 eum,
1088 1183 1152 1240 et
1196 1174 1570 1241 habebimus
1618 1173 2037 1240 hereditatem
2075 1173 2229 1240 eius.
2280 1175 2387 1240 39.
2434 1174 2522 1239 Et
2551 1175 3021 1257 adprehensum
3057 1196 3204 1241 eum

604 1281 975 1346 occiderunt
1021 1284 1086 1345 et
1133 1281 1425 1346 eicerunt
1471 1283 1651 1344 extra
1701 1279 1970 1344 uineam.
2035 1281 2139 1345 40.
2194 1276 2351 1343 Cum
2400 1297 2551 1360 ergo
2618 1280 2863 1344 uenerit
2907 1279 3207 1347 dominus

605 1386 844 1464 uineae,
879 1386 1031 1469 quid
1062 1386 1256 1452 faciet
1303 1385 1544 1450 colonis
1580 1384 1760 1449 illis?
1801 1386 1906 1451 41.
1958 1383 2153 1449 Aiunt
2183 1383 2314 1449 ilii:
2381 1383 2590 1449 Malos
2634 1385 2799 1450 male
2843 1386 3091 1466 perdet,
3139 1391 3210 1451 et

603 1491 852 1556 niueam
904 1511 1081 1557 suam
1133 1491 1370 1556 locauit
1414 1488 1564 1554 aliis
1609 1488 1870 1569 colonie,
1941 1488 2051 1571 qui
2096 1490 2366 1554 reddent
2413 1490 2468 1553 ei
2517 1488 2762 1554 fruetus
2808 1488 3208 1571 temporibus

603 1597 754 1664 suis.
802 1597 906 1661 42.
956 1596 1132 1660 Dicit
1177 1595 1308 1660 illis
1353 1594 1579 1661 Jesus:
1652 1613 1996 1676 numquam
2043 1595 2291 1675 legistis
2337 1594 2403 1658 in
2453 1594 2820 1675 scripturis:
2896 1593 3205 1677 Lapidem

601 1720 787 1783 quem
851 1700 1355 1783 reprobauerunt
1422 1697 1857 1781 aedificanteS,
1925 1699 2030 1763 hic
2100 1699 2309 1766 factus
2386 1704 2484 1766 est
2554 1700 2617 1764 in
2682 1704 2874 1781 caput
2940 1699 3208 1782 anguli?

601 1806 657 1870 A
704 1806 960 1872 domino
1006 1805 1212 1870 factus
1260 1811 1359 1871 est
1408 1804 1530 1868 iste
1593 1809 1657 1869 et
1705 1807 1806 1868 est
1853 1802 2161 1870 mirabilis
2224 1804 2289 1869 in
2338 1804 2540 1870 oculis
2602 1806 2883 1872 nostris?
2950 1807 3054 1871 43.
3101 1806 3211 1871 Ita

604 1911 744 1976 dico
793 1911 1010 1977 uobis!
1058 1910 1209 1991 quia
1256 1909 1583 1974 auferetur
1644 1927 1682 1972 a
1728 1910 1911 1975 uobis
1959 1928 2222 1990 regnum
2288 1909 2411 1990 dei,
2460 1915 2525 1975 et
2572 1909 2827 1976 dabitur
2887 1911 3060 1993 genti
3107 1909 3205 1975 fa-

603 2015 795 2082 cienti
839 2015 1114 2081 fructum
1163 2016 1320 2080 eius.
1372 2014 1485 2098 (44
1517 2013 1762 2097 omiss)
1811 2014 1919 2081 45.
1966 2014 2225 2079 Etcum
2273 2014 2606 2080 audissent
2634 2014 2961 2098 principes
2993 2035 3206 2080 sacer-

612 2121 826 2186 dotum
876 2126 940 2185 et
987 2119 1313 2187 Pharisaei
1362 2118 1708 2201 parabolas
1755 2120 1913 2198 eius,
1963 2125 2404 2202 cognouerunt
2467 2120 2633 2202 quod
2699 2122 2777 2186 de
2822 2122 2979 2202 ipsis
3026 2121 3205 2187 dicit.

603 2226 707 2289 46.
755 2226 842 2290 Et
888 2229 1265 2307 quaerentes
1311 2243 1456 2294 eum
1503 2229 1747 2308 tenere,
1792 2224 2145 2291 timuerunt
2191 2225 2469 2307 turbam,
2518 2226 2818 2306 quoniam
2864 2227 3032 2291 sicut
3061 2243 3206 2306 pro·

604 2330 858 2414 phetam
907 2349 1048 2395 eum
1094 2329 1432 2397 habebant.

818 2538 1059 2608 xxn.
1119 2542 1166 2605 l.
1233 2540 1315 2604 Et
1382 2538 1782 2621 respondens
1838 2538 2030 2604 Jesus
2093 2539 2252 2606 dixit
2295 2540 2422 2603 illis
2468 2539 2701 2605 iterum
2766 2540 2829 2605 in
2879 2540 3193 2622 parabolis

604 2644 868 2712 diceus:
917 2647 976 2712 2.
1026 2645 1244 2710 Simile
1291 2649 1396 2709 est
1440 2663 1704 2729 reguum
1753 2646 2072 2711 caelorum
2120 2644 2356 2710 homini
2405 2645 2561 2727 regi,
2607 2645 2714 2727 qui
2747 2644 2901 2710 fecit
2945 2646 3199 2727 nuptias

605 2746 734 2813 filio
796 2766 928 2814 suo.
995 2752 1055 2816 3.
1102 2750 1189 2816 Et
1250 2750 1426 2816 misit
1487 2767 1715 2816 seruos
1785 2768 1935 2817 suos
2000 2768 2231 2816 uocare
2294 2751 2596 2816 inuitatos
2658 2749 2738 2815 ad
2797 2750 3077 2832 nuptias,
3139 2753 3206 2813 et

604 2855 952 2920 noluerunt
980 2856 1218 2921 uenire.
1269 2855 1510 2919 Iterum
1537 2856 1711 2920 misit
1741 2856 1901 2920 alios
1933 2873 2176 2939 seruoe,
2211 2855 2465 2920 dicens:
2514 2856 2574 2919 4.
2626 2854 2836 2920 Dicite
2868 2854 3202 2920 inuitatis:

602 2959 770 3025 Ecce
816 2961 1153 3043 prandium
1200 2978 1410 3026 meum
1457 2960 1700 3042 paraui,
1747 2960 1910 3024 tauri
1959 2965 2024 3025 et
2070 2960 2358 3042 saginata
2403 2960 2617 3025 occisa
2682 2963 2830 3024 sunt
2874 2965 2938 3023 et
2987 2958 3203 3024 omnia

603 3070 830 3146 parata
877 3070 1064 3144 sunt·,
1114 3065 1328 3130 uenite
1374 3065 1455 3129 ad
1489 3065 1764 3146 nuptias.
1814 3066 1869 3131 5.
1923 3064 2026 3129 Illi
2061 3070 2270 3130 autem
2318 3065 2739 3145 neglexerunt
2786 3069 2851 3128 et
2882 3065 3207 3138 abierunt,

579 3163 712 3233 'alii
762 3169 822 3234 in
858 3170 1073 3236 uillam
1123 3188 1322 3249 suam,
1371 3168 1479 3234 alii
1527 3188 1682 3233 uero
1730 3169 1811 3234 ad
1860 3169 2332 3250 negotationem
2379 3186 2594 3248 suam;
2663 3171 2722 3235 6.
2769 3168 3001 3251 reliqui
3048 3187 3206 3233 uero

604 3278 950 3339 tenuerunt
1010 3293 1234 3341 seruos
1281 3274 1440 3356 eiuS,
1488 3279 1554 3340 et
1602 3272 1984 3339 contumelia
2026 3272 2317 3339 adfectos
2361 3272 2753 3339 occiderunt.
2817 3275 2873 3339 7.
2921 3273 3042 3337 Ille
3087 3290 3207 3336 rex

607 3398 747 3444 cum
795 3379 1099 3456 audisset,
1162 3379 1364 3446 iratus
1411 3383 1510 3445 est
1570 3385 1635 3444 et
1679 3380 1855 3445 misit
1900 3379 2249 3444 exercitum
2298 3396 2500 3453 suum,
2566 3383 2629 3442 et
2680 3378 2959 3460 perdidit
3003 3378 3206 3443 homi-

604 3484 782 3549 cidas
844 3484 988 3549 illos
1054 3490 1119 3550 et
1179 3484 1508 3550 ciuitatem
1572 3483 1826 3549 illorum
1891 3484 2238 3550 succendit.
2305 3486 2363 3550 8.
2411 3483 2586 3556 Tunc
2646 3484 2737 3549 ait
2782 3483 2988 3549 seruis
3035 3484 3204 3549 suis:

606 3587 883 3670 Nuptiae
945 3590 1199 3672 quidem
1265 3595 1530 3674 paratae
1591 3596 1758 3670 sunt,
1832 3590 1941 3657 sed
2014 3591 2120 3671 qui
2183 3595 2366 3655 erant
2413 3588 2685 3672 inuitati,
2754 3607 2879 3654 non
2945 3588 3208 3654 fuerunt

604 3693 802 3776 digni.
850 3695 907 3759 9.
957 3694 1053 3758 Ite
1098 3715 1246 3779 ergo
1294 3695 1374 3762 ad
1406 3696 1621 3762 exitus
1651 3696 1922 3773 uiarum,
1971 3701 2038 3762 et
2066 3711 2495 3778 quoscumque
2529 3695 2928 3773 inueneritis,
2979 3699 3208 3760 uocate

606 3800 686 3868 ad
735 3802 1010 3882 nuptias.
1085 3806 1177 3866 10.
1226 3802 1312 3866 Et
1358 3803 1596 3885 egressi
1645 3801 1813 3866 serui
1862 3802 2000 3867 eius
2050 3800 2112 3867 in
2162 3801 2322 3883 uias,
2386 3804 2939 3883 congregauerunt
2987 3818 3207 3864 omnes

608 3905 774 3986 quod
806 3906 974 3987 quod
1008 3908 1415 3989 inuenerunt,
1448 3906 1650 3973 malos
1682 3910 1749 3971 et
1778 3907 1999 3989 bonosi,
2028 3909 2093 3970 et
2125 3904 2425 3987 impletae
2460 3908 2610 3971 sunt
2640 3903 2902 3986 nuptiae
2934 3905 3205 3970 discum-

604 4011 906 4078 bentium.
962 4013 1059 4075 11.
1109 4011 1382 4076 Intrauit
1428 4017 1641 4076 autem
1673 4029 1818 4076 rex:
1870 4017 1938 4075 ut
1987 4012 2235 4075 uideret
2282 4009 2774 4089 discumbentes,
2809 4011 2873 4072 et
2917 4008 3081 4073 uidit
3116 4009 3205 4073 ibi

604 4114 916 4181 hominem
965 4133 1088 4181 non
1123 4117 1426 4182 uestitum
1477 4118 1719 4181 uestem
1763 4115 2131 4197 nuptialem.
2185 4117 2283 4181 12.
2332 4115 2417 4179 Et
2461 4114 2550 4180 ait
2597 4114 2724 4179 illi:
2774 4114 3016 4193 Amice,
3049 4133 3204 4196 quo-

604 4221 789 4286 modo
836 4221 954 4287 hoe
1003 4221 1238 4287 uenisti
1306 4241 1429 4285 non
1478 4219 1718 4286 habens
1780 4219 2231 4286 uestimentum
2296 4219 2694 4301 nuptialem?
2766 4219 2859 4283 Ad
2923 4218 3031 4283 ille
3092 4219 3203 4283 ob·

606 4326 852 4393 mutuit.
913 4328 1003 4391 13.
1055 4323 1227 4391 Tunc
1275 4326 1434 4391 dixit
1467 4345 1580 4390 rex
1633 4325 1984 4390 ministris:
2026 4325 2257 4391 Tollite
2304 4324 2481 4389 illum
2514 4325 2784 4406 pedibus
2816 4329 2883 4389 et
2911 4323 3206 4390 manibus

603 4436 670 4496 et
714 4432 952 4498 mittite
1015 4431 1078 4495 in
1125 4430 1424 4495 tenebras
1487 4431 1868 4509 exteriores3
1941 4430 2026 4495 ibi
2079 4431 2205 4495 erit
2250 4428 2437 4494 fletus
2484 4434 2549 4494 et
2593 4429 2832 4494 stridor
2900 4429 3203 4495 dentium.

605 4537 704 4602 14.
757 4536 941 4601 Multi
1005 4540 1216 4600 autem
1279 4538 1427 4601 sunt
1493 4535 1720 4613 uocati,
1789 4536 1974 4617 pauci
2044 4554 2197 4599 uero
2260 4534 2465 4599 electi.
2549 4534 2639 4600 15.
2688 4534 2866 4600 Tunc
2911 4533 3209 4599 abierunt

603 4641 956 4720 Pharisaei,
1005 4646 1071 4705 et
1108 4641 1437 4706 consilium
1484 4646 1874 4721 acceperunt
1907 4645 1976 4706 ut
2007 4645 2310 4722 caperent
2342 4658 2486 4703 eum
2521 4639 2582 4703 in
2619 4656 2927 4703 sermone.
2984 4641 3080 4705 16.
3116 4638 3207 4703 Et

607 4745 867 4810 mittunt
930 4744 1278 4828 discipulos
1335 4762 1485 4810 suos
1532 4762 1669 4808 cum
1726 4743 2113 4810 Herodianis
2160 4744 2481 4810 dicentes:
2559 4742 2884 4827 Magister,
2946 4741 3203 4825 scimuS,
