3484 5617
404 491 461 545 O.
502 496 549 545 7.
1187 487 1550 555 Euangelium
1585 486 1891 542 secundum
1930 487 2195 539 Marcum.
2881 488 3001 552 129

402 703 691 782 bominis,
763 701 932 781 quod
979 701 1177 763 intrat
1237 699 1301 762 in
1373 716 1537 779 eum,
1608 698 1779 777 quod
1844 698 2049 777 possit
2119 697 2295 760 illum
2359 697 2810 776 coinquinare3
2887 697 3001 761 sed

396 823 557 885 quae
604 806 682 869 de
730 805 982 869 homine
1043 801 1550 882 proficiscuntur,
1600 801 1710 865 illa
1772 807 1941 878 sunt,
1984 819 2145 880 quae
2196 800 2612 881 coinquinant
2655 800 2993 865 hominem.

400 910 497 973 16.
547 909 612 974 si
662 908 804 989 quis
850 907 1046 971 habet
1091 923 1282 970 aures
1330 905 1653 978 audiendi,
1727 905 1965 969 audiat.
2045 906 2139 969 17.
2212 905 2299 967 Et
2345 922 2484 967 cum
2553 905 2885 970 introisset.
2932 907 2997 970 in

396 1013 647 1077 domum
693 1030 731 1075 a
777 1010 985 1087 turba,
1058 1009 1533 1088 interrogabant
1579 1029 1722 1072 eum
1774 1008 2068 1090 discipuli
2116 1008 2255 1073 eius
2301 1007 2687 1090 parabolam.
2767 1010 2862 1073 18.
2911 1010 2996 1073 Et

394 1117 488 1181 ait
534 1115 698 1181 illis:
771 1114 863 1178 sic
911 1120 975 1177 et
1023 1131 1137 1178 uos
1185 1113 1622 1193 imprudentes
1667 1113 1878 1177 estis?
1946 1113 2087 1177 Non
2136 1111 2526 1192 intellegitis,
2597 1113 2764 1192 quod
2812 1131 2995 1177 omne

394 1220 790 1284 extrinsecus
854 1218 1160 1283 introiens
1233 1217 1299 1279 in
1367 1217 1683 1281 hominem
1746 1236 1870 1281 non
1918 1221 2134 1298 potest
2192 1235 2338 1280 eum
2385 1217 2833 1298 coinquinare3
2890 1219 2984 1280 19.

397 1345 510 1389 nec
556 1324 723 1387 enim
772 1323 1023 1387 introiit
1089 1322 1153 1386 in
1202 1339 1313 1386 cor
1359 1324 1519 1403 eiuS,
1584 1323 1697 1386 sed
1748 1323 1811 1386 in
1861 1326 2147 1386 uentrem
2217 1327 2283 1386 et
2327 1323 2392 1385 in
2438 1339 2760 1386 secessum
2811 1322 2988 1400 exiit,

394 1446 671 1509 purgans
718 1445 939 1491 omnes
987 1444 1184 1490 escas.
1251 1427 1352 1490 20.
1404 1425 1674 1490 Dicebat
1733 1431 1965 1499 autem,
2039 1428 2332 1506 quoniam
2403 1444 2566 1508 quae
2615 1426 2692 1489 de
2737 1424 2991 1489 homine

392 1538 647 1613 exeunt,
696 1532 807 1595 illa
870 1529 1338 1595 communicant
1401 1529 1731 1594 hominem.
1789 1532 1886 1593 21.
1935 1531 2027 1595 Ac
2074 1531 2246 1594 intus
2294 1530 2458 1594 enim
2510 1530 2591 1593 de
2639 1528 2828 1592 corde
2877 1528 2988 1590 ho-

389 1636 627 1699 minum
689 1635 1106 1716 cogitationes
1166 1636 1369 1699 malae
1433 1635 1802 1716 procedunt,
1877 1622 2214 1712 adulteria,
2284 1636 2385 1699 22.
2459 1635 2646 1706 furta,
2718 1632 2989 1697 fornica-

389 1741 619 1812 tiones,
668 1739 1034 1821 homicidia,
1082 1740 1379 1817 auaritia,
1429 1739 1733 1819 nequitia,
1782 1738 1989 1817 dolus,
2036 1740 2456 1820 impudicitia,
2506 1739 2727 1803 oculus
2761 1738 2983 1814 maluS,

387 1843 840 1924 blasphemiae,
904 1845 1220 1924 superbia,
1285 1844 1582 1908 stultitia.
1647 1847 1749 1909 23.
1798 1843 2026 1908 Omnia
2087 1843 2244 1909 haec
2292 1844 2456 1908 mala
2502 1844 2579 1907 ab
2629 1845 2799 1906 intus
2847 1860 2986 1922 pro·

386 1948 620 2013 cedunt
687 1954 755 2012 et
803 1949 1270 2013 communicant
1336 1948 1672 2012 hominem.
1744 1951 1847 2014 24.
1924 1947 2011 2012 Et
2079 1966 2393 2029 exurgens
2463 1947 2623 2012 abiit
2688 1949 2753 2011 in
2822 1944 2981 2010 fines

383 2052 556 2134 Tyrii
606 2058 672 2116 et
716 2054 1043 2134 ingressus
1094 2053 1366 2133 domum,
1414 2054 1731 2117 neminem
1779 2053 1984 2117 uoluit
2016 2054 2182 2118 scire
2228 2059 2294 2116 et
2338 2072 2465 2116 non
2500 2053 2712 2132 potuit
2755 2051 2980 2115 latere.

384 2160 486 2223 25.
539 2156 966 2221 Mulierenim
1011 2158 1227 2221 statim
1274 2164 1344 2221 ut
1392 2157 1640 2222 audiuit
1686 2159 1768 2222 de
1815 2177 1913 2233 ee,
1962 2158 2141 2222 cuius
2192 2158 2464 2222 habebat
2509 2155 2639 2220 filia
2685 2156 2980 2236 spiritum

382 2264 792 2343 immundum,
862 2263 1130 2326 intrauit
1177 2263 1257 2327 ad
1304 2282 1465 2327 eum.
1545 2265 1646 2329 26.
1712 2262 1871 2327 Erat
1938 2270 2154 2327 autem
2227 2262 2474 2327 Graeca
2539 2259 2983 2342 Syrofoenissa

379 2384 631 2447 genere.
679 2366 768 2430 Et
812 2366 1079 2447 rogabat
1124 2386 1290 2446 eum,
1337 2372 1410 2432 ut
1458 2367 1857 2432 daemonium
1906 2368 2149 2432 eiceret
2197 2368 2275 2430 de
2323 2366 2455 2431 filia
2501 2367 2656 2430 eius,
2705 2367 2806 2429 27.
2858 2361 2980 2439 Qui

379 2469 544 2535 dixit
587 2471 719 2536 illi:
767 2471 907 2536 sine
930 2475 1106 2552 prius
1132 2473 1409 2536 saturari
1454 2471 1790 2550 filioS,·non
1818 2478 1915 2535 est
1962 2472 2129 2536 enim
2155 2473 2383 2535 bonum
2435 2472 2726 2551 accipere
2751 2486 2979 2551 panem

380 2573 653 2638 filiorum
681 2582 747 2640 et
773 2576 1027 2640 mittere
1054 2577 1229 2640 illum
1248 2577 1510 2641 catellis.
1538 2579 1638 2642 28.
1669 2576 1766 2640 Ad
1787 2576 1898 2640 illa
1918 2578 2310 2658 respondens
2334 2577 2425 2641 ait
2448 2575 2540 2657 ei3:
2569 2575 2839 2651 domine,
2867 2572 2979 2637 sed

377 2685 443 2742 et
488 2680 698 2745 catelli
747 2682 865 2746 sub
912 2698 1128 2745 mensa
1195 2682 1583 2745 manducant
1646 2681 1723 2743 de
1784 2680 1967 2744 micis
2011 2700 2369 2761 puerorum.
2421 2681 2522 2745 29.
2583 2680 2670 2743 Et
2713 2678 2806 2743 ait
2850 2676 2977 2741 illi:

378 2770 580 2860 uade,
607 2791 869 2866 propter
914 2787 1080 2851 hunc
1111 2803 1465 2851 sermonem
1514 2785 1842 2866 contingat
1888 2784 2006 2849 tibi
2056 2785 2133 2848 de
2179 2782 2310 2848 filia
2342 2789 2455 2848 tua
2502 2790 2573 2848 ut
2618 2783 2817 2865 cupis.
2866 2783 2969 2847 30.

376 2887 465 2952 Et
512 2906 653 2952 cum
699 2888 942 2954 abisset
976 2892 1222 2956 domum
1271 2891 1516 2954 inuenit
1550 2889 1822 2969 puellam
1851 2893 2163 2953 iacentem
2200 2906 2395 2968 supra
2442 2889 2693 2964 lectum,
2728 2894 2793 2953 et
2826 2888 2976 2951 dae-

376 2992 654 3057 monium
722 2995 935 3059 exisse
981 2995 1058 3058 ab
1105 3013 1200 3059 ea.
1272 2996 1374 3059 31.
1444 2995 1531 3058 Et
1576 2995 1810 3058 iterum
1857 2993 2077 3056 exiens
2148 2995 2226 3058 de
2272 2991 2502 3057 finibus
2564 2994 2736 3074 Tyri,
2800 2993 2975 3056 uenit

378 3115 491 3176 per
537 3096 833 3163 Sidonem
883 3097 961 3162 ad
1008 3116 1182 3162 mare
1230 3098 1518 3163 Galileae
1562 3099 1727 3163 inter
1777 3098 2018 3162 medios
2064 3097 2222 3162 fines
2274 3099 2688 3180 DecapoleoS.
2736 3100 2840 3164 32.
2886 3097 2974 3162 Et

372 3200 672 3265 adferunt
715 3202 773 3266 ei
821 3204 1083 3268 surdum
1124 3208 1190 3267 et
1248 3208 1509 3280 mutum,
1558 3208 1623 3267 et
1682 3203 2191 3284 deprecabantur
2252 3222 2413 3281 eum,
2480 3209 2553 3267 ut
2612 3205 2973 3282 imponeret

374 3304 466 3369 illi
516 3325 788 3372 manum.
836 3309 939 3374 33.
1003 3308 1090 3373 Et
1139 3309 1496 3389 suscipiens
1544 3327 1687 3372 eum
1737 3307 1818 3371 de
1863 3309 2054 3372 turba
2101 3325 2409 3385 seorsum,
2472 3326 2754 3390 expuens
2797 3310 2975 3373 misit

375 3409 610 3490 digitos
677 3428 827 3477 suos
875 3411 938 3476 in
986 3412 1307 3478 auriculas
1367 3418 1433 3477 et
1492 3412 1706 3494 teligit
1762 3413 2042 3495 linguam
2104 3414 2260 3478 eius.
2324 3416 2427 3479 34.
2490 3418 2554 3479 et
2616 3415 2971 3495 suspiciens

314 3576 319 3579 ,
374 3515 440 3577 in
474 3515 738 3593 caelum,
771 3517 1081 3598 ingemuit
1112 3523 1176 3580 et
1207 3519 1299 3582 ait
1331 3518 1454 3581 illi:
1506 3516 1732 3597 Effeta‚
1784 3518 1951 3599 quod
1984 3525 2084 3582 est
2116 3518 2470 3598 adaperire.
2520 3521 2621 3584 35.
2672 3519 2756 3582 Et
2787 3538 2970 3600 aper-

374 3624 481 3680 tae
513 3625 661 3682 sunt
710 3638 902 3683 aures
948 3620 1108 3697 eiuS,
1149 3626 1237 3695 ‚et
1282 3621 1561 3685 solutum
1628 3628 1727 3685 est
1773 3604 2097 3685 uinculum
2156 3622 2410 3703 linguae
2458 3624 2596 3687 eius
2643 3628 2708 3687 et
2753 3624 2969 3704 loque-

371 3719 562 3784 batur
611 3721 1016 3788 confidenter.
1065 3725 1167 3789 36.
1219 3725 1305 3788 Et
1349 3726 1684 3804 praecepit
1730 3725 1858 3788 illis
1908 3743 1985 3787 ne
2036 3726 2136 3788 cui
2188 3727 2492 3789 dicerent.
2566 3728 2669 3792 31.
2721 3728 2821 3792 Ad
2867 3729 2962 3792 illi

372 3826 571 3905 magis
637 3831 884 3891 tantum
952 3829 1411 3909 praedicabant
1478 3834 1545 3892 et
1604 3847 1677 3892 eo
1744 3828 2019 3909 amplius
2090 3829 2572 3894 admirabantur
2641 3831 2963 3897 dicentes:

371 3926 546 3991 Bene
590 3932 801 3995 omnia
845 3931 1018 4011 fecit,
1064 3937 1133 3996 et
1178 3932 1390 3997 surdis
1437 3936 1723 4014 praestat
1768 3933 2054 3998 auditum
2102 3942 2168 3997 et
2210 3935 2404 3997 mutis
2451 3932 2792 4013 eloquium.

577 4137 784 4206 vlu.
852 4144 901 4204 1.
951 4142 1026 4205 In
1068 4140 1195 4206 illis
1243 4146 1457 4205 autem
1521 4143 1746 4208 diebus
1806 4143 2040 4207 iterum
2091 4162 2231 4207 cum
2294 4142 2481 4207 turba
2527 4141 2727 4208 multa
2772 4149 2962 4223 esset,

366 4255 432 4309 et
476 4263 592 4310 nec
643 4243 968 4323 haberent,
1036 4246 1201 4326 quod
1267 4248 1741 4325 manducarent,
1807 4247 2175 4312 conuocatis
2238 4247 2591 4328 discipulis,
2661 4248 2752 4312 ait
2797 4248 2961 4314 illis:

369 4348 680 4415 Misereor
739 4368 931 4430 super
976 4352 1161 4414 istam
1209 4350 1480 4428 turbam,
1532 4352 1829 4431 quoniam
1877 4351 2159 4417 triduum
2207 4352 2333 4416 iam
2382 4358 2500 4429 est,
2549 4370 2627 4415 ex
2674 4371 2801 4433 quo
2851 4353 2954 4417 hic

364 4463 533 4531 sunt,
578 4473 697 4519 nec
743 4453 979 4518 habent
1025 4454 1196 4535 quod
1240 4455 1645 4529 manducent,
1716 4457 1778 4521 3.
1851 4462 1915 4519 et
1961 4455 2285 4520 dimittere
2332 4473 2443 4519 eos
2490 4456 2738 4519 ieiunos
2785 4456 2954 4531 nolo,

363 4578 442 4622 ne
487 4559 838 4640 fatigentur
899 4561 962 4623 in
1009 4565 1133 4638 uia,
1195 4559 1487 4640 quoniam
1547 4561 1803 4641 quidem
1865 4561 2062 4640 aliqui
2126 4559 2205 4624 de
2250 4561 2438 4641 longe
2501 4567 2836 4624 uenerunt.
2886 4562 2949 4625 4.

363 4662 448 4725 Et
494 4665 966 4744 responderunt
1032 4665 1090 4729 ei
1137 4663 1432 4744 discipuli
1482 4666 1614 4729 sui:
1686 4663 1874 4729 Unde
1944 4664 2100 4728 istos
2168 4663 2314 4744 quis
2383 4668 2596 4743 potest
2657 4671 2950 4730 saturare

361 4765 634 4846 panibus
664 4768 728 4830 in
773 4770 1115 4836 solitudine
1144 4768 1316 4836 ista?
1363 4770 1424 4836 5.
1470 4768 1557 4833 Et
1587 4770 2015 4851 interrogauit
2033 4787 2177 4833 eos:
2228 4768 2621 4849 Quot'panes
2655 4768 2952 4834 habetis?

2508 4893 2541 4943 9
