<?xml version="1.0" encoding="UTF-8"?>
<!DOCTYPE html PUBLIC "-//W3C//DTD XHTML 1.0 Transitional//EN"
    "http://www.w3.org/TR/xhtml1/DTD/xhtml1-transitional.dtd">
<html xmlns="http://www.w3.org/1999/xhtml" xml:lang="en" lang="en">
 <head>
  <title>
</title>
<meta http-equiv="Content-Type" content="text/html;charset=utf-8" />
  <meta name='ocr-system' content='tesseract 3.04.00' />
  <meta name='ocr-capabilities' content='ocr_page ocr_carea ocr_par ocr_line ocrx_word'/>
</head>
<body>
  <div class='ocr_page' id='page_1' title='image "./codexveronensis01italgoog_0107.png"; bbox 0 0 3484 5617; ppageno 0'>
   <div class='ocr_carea' id='block_1_1' title="bbox 337 466 2948 543">
    <p class='ocr_par' dir='ltr' id='par_1_1' title="bbox 337 466 2948 543">
     <span class='ocr_line' id='line_1_1' title="bbox 337 466 2948 543; baseline -0.005 -15"><span class='ocrx_word' id='word_1_1' title='bbox 337 474 394 528; x_wconf 89' lang='lat' dir='ltr'>C.</span> <span class='ocrx_word' id='word_1_2' title='bbox 438 480 518 528; x_wconf 87' lang='lat'>10.</span> <span class='ocrx_word' id='word_1_3' title='bbox 1124 466 1489 535; x_wconf 88' lang='lat' dir='ltr'>Euangelium</span> <span class='ocrx_word' id='word_1_4' title='bbox 1525 466 1828 522; x_wconf 84' lang='lat' dir='ltr'>secundum</span> <span class='ocrx_word' id='word_1_5' title='bbox 1862 466 2166 522; x_wconf 84' lang='lat' dir='ltr'>Lucanum.</span> <span class='ocrx_word' id='word_1_6' title='bbox 2867 479 2948 543; x_wconf 84' lang='lat'>97</span> 
     </span>
    </p>
   </div>
   <div class='ocr_carea' id='block_1_2' title="bbox 328 677 2957 4125">
    <p class='ocr_par' dir='ltr' id='par_1_2' title="bbox 328 677 2957 4125">
     <span class='ocr_line' id='line_1_2' title="bbox 337 677 2957 763; baseline -0.001 -11"><span class='ocrx_word' id='word_1_7' title='bbox 337 691 402 752; x_wconf 87' lang='lat' dir='ltr'>et</span> <span class='ocrx_word' id='word_1_8' title='bbox 446 702 632 750; x_wconf 89' lang='lat' dir='ltr'>nemo</span> <span class='ocrx_word' id='word_1_9' title='bbox 695 683 878 748; x_wconf 90' lang='lat' dir='ltr'>nouit</span> <span class='ocrx_word' id='word_1_10' title='bbox 941 685 1204 763; x_wconf 88' lang='lat' dir='ltr'>patrem,</span> <span class='ocrx_word' id='word_1_11' title='bbox 1282 679 1410 745; x_wconf 90' lang='lat' dir='ltr'>nisi</span> <span class='ocrx_word' id='word_1_12' title='bbox 1470 677 1640 745; x_wconf 92' lang='lat' dir='ltr'>filius</span> <span class='ocrx_word' id='word_1_13' title='bbox 1702 684 1770 745; x_wconf 91' lang='lat' dir='ltr'>et</span> <span class='ocrx_word' id='word_1_14' title='bbox 1828 698 1951 759; x_wconf 88' lang='lat' dir='ltr'>que</span> <span class='ocrx_word' id='word_1_15' title='bbox 2000 729 2013 745; x_wconf 94' lang='lat'><strong>.</strong></span> <span class='ocrx_word' id='word_1_16' title='bbox 2070 729 2082 744; x_wconf 90' lang='grc'><strong>.</strong></span> <span class='ocrx_word' id='word_1_17' title='bbox 2130 734 2143 748; x_wconf 95' lang='grc'><strong>.</strong></span> <span class='ocrx_word' id='word_1_18' title='bbox 2197 733 2209 746; x_wconf 95' lang='grc'><strong>.</strong></span> <span class='ocrx_word' id='word_1_19' title='bbox 2273 685 2366 749; x_wconf 92' lang='lat' dir='ltr'>bit</span> <span class='ocrx_word' id='word_1_20' title='bbox 2427 684 2518 750; x_wconf 91' lang='lat' dir='ltr'>fili</span> <span class='ocrx_word' id='word_1_21' title='bbox 2566 737 2580 752; x_wconf 91' lang='lat'><strong>.</strong></span> <span class='ocrx_word' id='word_1_22' title='bbox 2632 737 2646 752; x_wconf 93' lang='lat'><strong>.</strong></span> <span class='ocrx_word' id='word_1_23' title='bbox 2697 736 2710 750; x_wconf 88' lang='lat'><em>.</em></span> <span class='ocrx_word' id='word_1_24' title='bbox 2763 686 2957 752; x_wconf 79' lang='grc'>,11181-</span> 
     </span>
     <span class='ocr_line' id='line_1_3' title="bbox 336 784 2950 873; baseline -0 -17"><span class='ocrx_word' id='word_1_25' title='bbox 336 795 522 873; x_wconf 90' lang='lat' dir='ltr'>pater</span> <span class='ocrx_word' id='word_1_26' title='bbox 569 838 583 853; x_wconf 93' lang='lat'><strong>.</strong></span> <span class='ocrx_word' id='word_1_27' title='bbox 635 837 652 854; x_wconf 91' lang='lat'><strong>.</strong></span> <span class='ocrx_word' id='word_1_28' title='bbox 703 837 718 853; x_wconf 92' lang='lat'><strong><em>.</em></strong></span> <span class='ocrx_word' id='word_1_29' title='bbox 772 837 785 853; x_wconf 90' lang='lat'><strong>.</strong></span> <span class='ocrx_word' id='word_1_30' title='bbox 835 785 1113 852; x_wconf 86' lang='lat' dir='ltr'>uoluerit</span> <span class='ocrx_word' id='word_1_31' title='bbox 1158 784 1329 851; x_wconf 91' lang='lat' dir='ltr'>filius</span> <span class='ocrx_word' id='word_1_32' title='bbox 1376 785 1691 849; x_wconf 89' lang='lat' dir='ltr'>reuelare.</span> <span class='ocrx_word' id='word_1_33' title='bbox 1785 786 1886 851; x_wconf 87' lang='grc'><strong>23.</strong></span> <span class='ocrx_word' id='word_1_34' title='bbox 1954 787 2042 853; x_wconf 87' lang='lat' dir='ltr'>Et</span> <span class='ocrx_word' id='word_1_35' title='bbox 2088 807 2435 856; x_wconf 87' lang='lat' dir='ltr'>conuersus</span> <span class='ocrx_word' id='word_1_36' title='bbox 2490 798 2588 858; x_wconf 91' lang='lat' dir='ltr'>est</span> <span class='ocrx_word' id='word_1_37' title='bbox 2632 791 2714 856; x_wconf 91' lang='lat' dir='ltr'>ad</span> <span class='ocrx_word' id='word_1_38' title='bbox 2764 791 2950 857; x_wconf 84' lang='lat' dir='ltr'>disci-</span> 
     </span>
     <span class='ocr_line' id='line_1_4' title="bbox 336 888 2949 979; baseline 0 -19"><span class='ocrx_word' id='word_1_39' title='bbox 336 896 524 979; x_wconf 89' lang='lat' dir='ltr'>pulos</span> <span class='ocrx_word' id='word_1_40' title='bbox 571 893 768 958; x_wconf 89' lang='lat' dir='ltr'>dixit:</span> <span class='ocrx_word' id='word_1_41' title='bbox 864 893 1051 956; x_wconf 83' lang='lat' dir='ltr'><strong>Beati</strong></span> <span class='ocrx_word' id='word_1_42' title='bbox 1116 891 1333 973; x_wconf 88' lang='lat' dir='ltr'>itaque</span> <span class='ocrx_word' id='word_1_43' title='bbox 1393 888 1583 970; x_wconf 91' lang='lat' dir='ltr'>oculi,</span> <span class='ocrx_word' id='word_1_44' title='bbox 1631 890 1740 971; x_wconf 91' lang='lat' dir='ltr'>qui</span> <span class='ocrx_word' id='word_1_45' title='bbox 1787 890 2029 972; x_wconf 85' lang='lat' dir='ltr'>uident,</span> <span class='ocrx_word' id='word_1_46' title='bbox 2077 912 2242 975; x_wconf 89' lang='lat' dir='ltr'>quae</span> <span class='ocrx_word' id='word_1_47' title='bbox 2286 893 2543 961; x_wconf 83' lang='lat' dir='ltr'>uidetis.</span> <span class='ocrx_word' id='word_1_48' title='bbox 2637 896 2738 962; x_wconf 83' lang='lat'>24.</span> <span class='ocrx_word' id='word_1_49' title='bbox 2785 896 2949 961; x_wconf 89' lang='lat' dir='ltr'>Dico</span> 
     </span>
     <span class='ocr_line' id='line_1_5' title="bbox 338 994 2948 1082; baseline 0 -17"><span class='ocrx_word' id='word_1_50' title='bbox 338 1009 502 1066; x_wconf 91' lang='lat' dir='ltr'>enim</span> <span class='ocrx_word' id='word_1_51' title='bbox 548 998 752 1076; x_wconf 91' lang='lat' dir='ltr'>uobis,</span> <span class='ocrx_word' id='word_1_52' title='bbox 803 998 974 1079; x_wconf 89' lang='lat' dir='ltr'>quod</span> <span class='ocrx_word' id='word_1_53' title='bbox 1021 995 1202 1060; x_wconf 90' lang='lat' dir='ltr'>multi</span> <span class='ocrx_word' id='word_1_54' title='bbox 1247 994 1605 1077; x_wconf 89' lang='lat' dir='ltr'>prophetae</span> <span class='ocrx_word' id='word_1_55' title='bbox 1650 998 1716 1059; x_wconf 90' lang='lat' dir='ltr'>et</span> <span class='ocrx_word' id='word_1_56' title='bbox 1762 995 1918 1061; x_wconf 82' lang='lat' dir='ltr'>iusti</span> <span class='ocrx_word' id='word_1_57' title='bbox 1966 997 2305 1063; x_wconf 89' lang='lat' dir='ltr'>uoluerunt</span> <span class='ocrx_word' id='word_1_58' title='bbox 2349 999 2592 1079; x_wconf 87' lang='lat' dir='ltr'>uidere,</span> <span class='ocrx_word' id='word_1_59' title='bbox 2644 1019 2807 1082; x_wconf 88' lang='lat' dir='ltr'>quae</span> <span class='ocrx_word' id='word_1_60' title='bbox 2829 1019 2948 1066; x_wconf 89' lang='lat' dir='ltr'>uos</span> 
     </span>
     <span class='ocr_line' id='line_1_6' title="bbox 337 1099 2946 1182; baseline 0 -12"><span class='ocrx_word' id='word_1_61' title='bbox 337 1105 592 1179; x_wconf 87' lang='lat' dir='ltr'>uidetis,</span> <span class='ocrx_word' id='word_1_62' title='bbox 654 1106 720 1168; x_wconf 90' lang='lat' dir='ltr'>et</span> <span class='ocrx_word' id='word_1_63' title='bbox 766 1120 892 1167; x_wconf 89' lang='lat' dir='ltr'>nou</span> <span class='ocrx_word' id='word_1_64' title='bbox 940 1101 1261 1177; x_wconf 90' lang='lat' dir='ltr'>uiderunt,</span> <span class='ocrx_word' id='word_1_65' title='bbox 1324 1104 1391 1164; x_wconf 91' lang='lat' dir='ltr'>et</span> <span class='ocrx_word' id='word_1_66' title='bbox 1437 1099 1680 1182; x_wconf 86' lang='lat' dir='ltr'>audire,</span> <span class='ocrx_word' id='word_1_67' title='bbox 1729 1118 1897 1181; x_wconf 89' lang='lat' dir='ltr'>quae</span> <span class='ocrx_word' id='word_1_68' title='bbox 1940 1120 2056 1167; x_wconf 91' lang='lat' dir='ltr'>uos</span> <span class='ocrx_word' id='word_1_69' title='bbox 2103 1102 2398 1180; x_wconf 91' lang='lat' dir='ltr'>audistis,</span> <span class='ocrx_word' id='word_1_70' title='bbox 2447 1110 2513 1169; x_wconf 91' lang='lat' dir='ltr'>et</span> <span class='ocrx_word' id='word_1_71' title='bbox 2557 1123 2682 1169; x_wconf 89' lang='lat' dir='ltr'>non</span> <span class='ocrx_word' id='word_1_72' title='bbox 2729 1105 2946 1171; x_wconf 89' lang='lat' dir='ltr'>audie-</span> 
     </span>
     <span class='ocr_line' id='line_1_7' title="bbox 345 1205 2946 1292; baseline 0 -18"><span class='ocrx_word' id='word_1_73' title='bbox 345 1213 509 1274; x_wconf 90' lang='lat' dir='ltr'>runt.</span> <span class='ocrx_word' id='word_1_74' title='bbox 556 1210 658 1275; x_wconf 80' lang='grc'>25.</span> <span class='ocrx_word' id='word_1_75' title='bbox 706 1205 895 1272; x_wconf 51' lang='lat' dir='ltr'>Haeck</span> <span class='ocrx_word' id='word_1_76' title='bbox 933 1224 1008 1269; x_wconf 91' lang='grc'>60</span> <span class='ocrx_word' id='word_1_77' title='bbox 1055 1206 1309 1269; x_wconf 80' lang='lat' dir='ltr'>dicente</span> <span class='ocrx_word' id='word_1_78' title='bbox 1355 1223 1505 1269; x_wconf 88' lang='lat' dir='ltr'>ecce</span> <span class='ocrx_word' id='word_1_79' title='bbox 1539 1205 1986 1287; x_wconf 85' lang='lat' dir='ltr'>quidamlegis</span> <span class='ocrx_word' id='word_1_80' title='bbox 2010 1206 2258 1287; x_wconf 88' lang='lat' dir='ltr'>peritus</span> <span class='ocrx_word' id='word_1_81' title='bbox 2285 1209 2579 1287; x_wconf 87' lang='lat' dir='ltr'>surrexit,</span> <span class='ocrx_word' id='word_1_82' title='bbox 2627 1214 2946 1292; x_wconf 87' lang='lat' dir='ltr'>temptans</span> 
     </span>
     <span class='ocr_line' id='line_1_8' title="bbox 348 1308 2946 1394; baseline 0 -16"><span class='ocrx_word' id='word_1_83' title='bbox 348 1314 521 1378; x_wconf 90' lang='lat' dir='ltr'>illum</span> <span class='ocrx_word' id='word_1_84' title='bbox 568 1319 632 1378; x_wconf 91' lang='lat' dir='ltr'>et</span> <span class='ocrx_word' id='word_1_85' title='bbox 677 1314 922 1378; x_wconf 89' lang='lat' dir='ltr'>dicens:</span> <span class='ocrx_word' id='word_1_86' title='bbox 996 1310 1325 1391; x_wconf 76' lang='lat' dir='ltr'>Magister,</span> <span class='ocrx_word' id='word_1_87' title='bbox 1375 1310 1527 1393; x_wconf 84' lang='lat' dir='ltr'>quid</span> <span class='ocrx_word' id='word_1_88' title='bbox 1595 1308 1891 1375; x_wconf 86' lang='lat' dir='ltr'>faciendo</span> <span class='ocrx_word' id='word_1_89' title='bbox 1938 1313 2140 1376; x_wconf 87' lang='lat' dir='ltr'>uitam</span> <span class='ocrx_word' id='word_1_90' title='bbox 2185 1317 2510 1378; x_wconf 82' lang='lat' dir='ltr'>aeternam</span> <span class='ocrx_word' id='word_1_91' title='bbox 2559 1313 2946 1394; x_wconf 79' lang='lat' dir='ltr'>possidebo?</span> 
     </span>
     <span class='ocr_line' id='line_1_9' title="bbox 346 1414 2945 1501; baseline 0 -19"><span class='ocrx_word' id='word_1_92' title='bbox 346 1420 448 1484; x_wconf 88' lang='grc'>26.</span> <span class='ocrx_word' id='word_1_93' title='bbox 496 1417 593 1482; x_wconf 90' lang='lat' dir='ltr'>Ad</span> <span class='ocrx_word' id='word_1_94' title='bbox 636 1417 743 1482; x_wconf 91' lang='lat' dir='ltr'>ille</span> <span class='ocrx_word' id='word_1_95' title='bbox 790 1417 951 1481; x_wconf 83' lang='lat' dir='ltr'>dixit</span> <span class='ocrx_word' id='word_1_96' title='bbox 998 1416 1076 1480; x_wconf 88' lang='lat' dir='ltr'>ad</span> <span class='ocrx_word' id='word_1_97' title='bbox 1124 1434 1303 1480; x_wconf 90' lang='lat' dir='ltr'>eum:</span> <span class='ocrx_word' id='word_1_98' title='bbox 1350 1415 1425 1480; x_wconf 90' lang='lat' dir='ltr'>Iu</span> <span class='ocrx_word' id='word_1_99' title='bbox 1472 1414 1613 1494; x_wconf 84' lang='lat' dir='ltr'>lege</span> <span class='ocrx_word' id='word_1_100' title='bbox 1660 1415 1813 1496; x_wconf 89' lang='lat' dir='ltr'>quid</span> <span class='ocrx_word' id='word_1_101' title='bbox 1864 1418 2171 1498; x_wconf 87' lang='lat' dir='ltr'>scriptum</span> <span class='ocrx_word' id='word_1_102' title='bbox 2200 1416 2349 1483; x_wconf 81' lang='lat' dir='ltr'>est?</span> <span class='ocrx_word' id='word_1_103' title='bbox 2395 1419 2711 1500; x_wconf 86' lang='lat' dir='ltr'>quomodo</span> <span class='ocrx_word' id='word_1_104' title='bbox 2737 1419 2945 1501; x_wconf 78' lang='lat' dir='ltr'>legis?</span> 
     </span>
     <span class='ocr_line' id='line_1_10' title="bbox 342 1519 2942 1603; baseline 0 -17"><span class='ocrx_word' id='word_1_105' title='bbox 342 1524 445 1587; x_wconf 86' lang='grc'>27.</span> <span class='ocrx_word' id='word_1_106' title='bbox 493 1522 613 1587; x_wconf 87' lang='grc'>1116</span> <span class='ocrx_word' id='word_1_107' title='bbox 657 1522 1052 1603; x_wconf 85' lang='lat' dir='ltr'>respondens</span> <span class='ocrx_word' id='word_1_108' title='bbox 1101 1521 1294 1585; x_wconf 83' lang='lat' dir='ltr'>dixit:</span> <span class='ocrx_word' id='word_1_109' title='bbox 1344 1519 1592 1600; x_wconf 77' lang='lat' dir='ltr'>Diliges</span> <span class='ocrx_word' id='word_1_110' title='bbox 1639 1519 1963 1585; x_wconf 89' lang='lat' dir='ltr'>dominum</span> <span class='ocrx_word' id='word_1_111' title='bbox 2010 1521 2200 1587; x_wconf 89' lang='lat' dir='ltr'>deum</span> <span class='ocrx_word' id='word_1_112' title='bbox 2246 1528 2422 1588; x_wconf 90' lang='lat' dir='ltr'>tuum</span> <span class='ocrx_word' id='word_1_113' title='bbox 2472 1522 2537 1586; x_wconf 94' lang='lat' dir='ltr'>in</span> <span class='ocrx_word' id='word_1_114' title='bbox 2584 1527 2718 1588; x_wconf 88' lang='lat' dir='ltr'>toto</span> <span class='ocrx_word' id='word_1_115' title='bbox 2751 1526 2942 1588; x_wconf 87' lang='lat' dir='ltr'>corde</span> 
     </span>
     <span class='ocr_line' id='line_1_11' title="bbox 337 1624 2943 1710; baseline 0.001 -20"><span class='ocrx_word' id='word_1_116' title='bbox 337 1632 467 1703; x_wconf 86' lang='lat' dir='ltr'>tuo,</span> <span class='ocrx_word' id='word_1_117' title='bbox 546 1631 611 1691; x_wconf 85' lang='lat' dir='ltr'>et</span> <span class='ocrx_word' id='word_1_118' title='bbox 658 1627 723 1691; x_wconf 91' lang='lat' dir='ltr'>in</span> <span class='ocrx_word' id='word_1_119' title='bbox 771 1630 907 1691; x_wconf 88' lang='lat' dir='ltr'>tota</span> <span class='ocrx_word' id='word_1_120' title='bbox 954 1625 1163 1690; x_wconf 88' lang='lat' dir='ltr'>anima</span> <span class='ocrx_word' id='word_1_121' title='bbox 1208 1630 1340 1703; x_wconf 87' lang='lat' dir='ltr'>tua,</span> <span class='ocrx_word' id='word_1_122' title='bbox 1420 1629 1484 1687; x_wconf 91' lang='lat' dir='ltr'>et</span> <span class='ocrx_word' id='word_1_123' title='bbox 1527 1625 1593 1688; x_wconf 89' lang='lat' dir='ltr'>in</span> <span class='ocrx_word' id='word_1_124' title='bbox 1642 1624 1935 1691; x_wconf 89' lang='lat' dir='ltr'>omnibus</span> <span class='ocrx_word' id='word_1_125' title='bbox 1980 1625 2227 1692; x_wconf 88' lang='lat' dir='ltr'>uiribus</span> <span class='ocrx_word' id='word_1_126' title='bbox 2274 1629 2423 1706; x_wconf 82' lang='lat' dir='ltr'>tuiS,</span> <span class='ocrx_word' id='word_1_127' title='bbox 2479 1633 2543 1693; x_wconf 87' lang='lat' dir='ltr'>et</span> <span class='ocrx_word' id='word_1_128' title='bbox 2588 1630 2943 1710; x_wconf 89' lang='lat' dir='ltr'>proximum</span> 
     </span>
     <span class='ocr_line' id='line_1_12' title="bbox 334 1730 2943 1814; baseline 0.002 -19"><span class='ocrx_word' id='word_1_129' title='bbox 334 1736 512 1795; x_wconf 87' lang='lat' dir='ltr'>tuum</span> <span class='ocrx_word' id='word_1_130' title='bbox 557 1733 729 1797; x_wconf 89' lang='lat' dir='ltr'>sicut</span> <span class='ocrx_word' id='word_1_131' title='bbox 789 1737 853 1797; x_wconf 92' lang='lat' dir='ltr'>te</span> <span class='ocrx_word' id='word_1_132' title='bbox 899 1731 1129 1812; x_wconf 89' lang='lat' dir='ltr'>ipsum.</span> <span class='ocrx_word' id='word_1_133' title='bbox 1223 1733 1325 1797; x_wconf 88' lang='grc'>28.</span> <span class='ocrx_word' id='word_1_134' title='bbox 1377 1730 1552 1794; x_wconf 87' lang='lat' dir='ltr'>Dixit</span> <span class='ocrx_word' id='word_1_135' title='bbox 1624 1735 1839 1795; x_wconf 91' lang='lat' dir='ltr'>autem</span> <span class='ocrx_word' id='word_1_136' title='bbox 1884 1731 2012 1797; x_wconf 91' lang='lat' dir='ltr'>illi:</span> <span class='ocrx_word' id='word_1_137' title='bbox 2083 1731 2282 1798; x_wconf 82' lang='lat' dir='ltr'>Recte</span> <span class='ocrx_word' id='word_1_138' title='bbox 2328 1733 2751 1814; x_wconf 82' lang='lat' dir='ltr'>respondisti:</span> <span class='ocrx_word' id='word_1_139' title='bbox 2822 1735 2943 1800; x_wconf 90' lang='lat' dir='ltr'>boc</span> 
     </span>
     <span class='ocr_line' id='line_1_13' title="bbox 335 1833 2943 1919; baseline 0.002 -18"><span class='ocrx_word' id='word_1_140' title='bbox 335 1835 436 1903; x_wconf 88' lang='lat' dir='ltr'>fac</span> <span class='ocrx_word' id='word_1_141' title='bbox 510 1843 577 1902; x_wconf 89' lang='lat' dir='ltr'>et</span> <span class='ocrx_word' id='word_1_142' title='bbox 633 1837 837 1902; x_wconf 74' lang='lat' dir='ltr'>uiues,</span> <span class='ocrx_word' id='word_1_143' title='bbox 930 1837 1030 1901; x_wconf 85' lang='grc'>29.</span> <span class='ocrx_word' id='word_1_144' title='bbox 1102 1835 1222 1901; x_wconf 88' lang='grc'>1116</span> <span class='ocrx_word' id='word_1_145' title='bbox 1281 1841 1495 1900; x_wconf 89' lang='lat' dir='ltr'>autem</span> <span class='ocrx_word' id='word_1_146' title='bbox 1557 1833 1781 1900; x_wconf 91' lang='lat' dir='ltr'>uolens</span> <span class='ocrx_word' id='word_1_147' title='bbox 1844 1835 2192 1901; x_wconf 86' lang='lat' dir='ltr'>iustificare</span> <span class='ocrx_word' id='word_1_148' title='bbox 2260 1856 2330 1901; x_wconf 91' lang='lat' dir='ltr'>se</span> <span class='ocrx_word' id='word_1_149' title='bbox 2375 1838 2581 1919; x_wconf 87' lang='lat' dir='ltr'>ipsum</span> <span class='ocrx_word' id='word_1_150' title='bbox 2661 1839 2819 1903; x_wconf 83' lang='lat' dir='ltr'>dixit</span> <span class='ocrx_word' id='word_1_151' title='bbox 2861 1841 2943 1905; x_wconf 91' lang='lat' dir='ltr'>ad</span> 
     </span>
     <span class='ocr_line' id='line_1_14' title="bbox 335 1941 2943 2024; baseline 0.001 -16"><span class='ocrx_word' id='word_1_152' title='bbox 335 1943 592 2008; x_wconf 82' lang='lat' dir='ltr'>Jesum:</span> <span class='ocrx_word' id='word_1_153' title='bbox 685 1942 770 2007; x_wconf 89' lang='lat' dir='ltr'>Et</span> <span class='ocrx_word' id='word_1_154' title='bbox 830 1943 973 2024; x_wconf 90' lang='lat' dir='ltr'>quis</span> <span class='ocrx_word' id='word_1_155' title='bbox 1032 1948 1134 2008; x_wconf 84' lang='lat' dir='ltr'>est</span> <span class='ocrx_word' id='word_1_156' title='bbox 1194 1959 1371 2007; x_wconf 86' lang='lat' dir='ltr'>meus</span> <span class='ocrx_word' id='word_1_157' title='bbox 1432 1941 1805 2023; x_wconf 78' lang='lat' dir='ltr'>proximus?</span> <span class='ocrx_word' id='word_1_158' title='bbox 1894 1944 1996 2008; x_wconf 86' lang='lat'>30.</span> <span class='ocrx_word' id='word_1_159' title='bbox 2054 1942 2423 2024; x_wconf 84' lang='lat' dir='ltr'>Suspiciens</span> <span class='ocrx_word' id='word_1_160' title='bbox 2490 1949 2700 2009; x_wconf 90' lang='lat' dir='ltr'>autem</span> <span class='ocrx_word' id='word_1_161' title='bbox 2747 1944 2943 2010; x_wconf 87' lang='lat' dir='ltr'>Jesus</span> 
     </span>
     <span class='ocr_line' id='line_1_15' title="bbox 336 2044 2941 2115; baseline 0.001 -3"><span class='ocrx_word' id='word_1_162' title='bbox 336 2049 528 2113; x_wconf 87' lang='lat' dir='ltr'>dixit:</span> <span class='ocrx_word' id='word_1_163' title='bbox 607 2046 811 2112; x_wconf 90' lang='lat' dir='ltr'>Homo</span> <span class='ocrx_word' id='word_1_164' title='bbox 875 2048 1304 2113; x_wconf 81' lang='lat' dir='ltr'>descendebat</span> <span class='ocrx_word' id='word_1_165' title='bbox 1373 2047 1453 2111; x_wconf 89' lang='lat' dir='ltr'>ab</span> <span class='ocrx_word' id='word_1_166' title='bbox 1515 2044 1923 2112; x_wconf 84' lang='lat' dir='ltr'>Hierusalem</span> <span class='ocrx_word' id='word_1_167' title='bbox 1992 2049 2058 2112; x_wconf 91' lang='lat' dir='ltr'>in</span> <span class='ocrx_word' id='word_1_168' title='bbox 2108 2045 2411 2114; x_wconf 88' lang='lat' dir='ltr'>Hiericho</span> <span class='ocrx_word' id='word_1_169' title='bbox 2479 2053 2545 2115; x_wconf 89' lang='lat' dir='ltr'>et</span> <span class='ocrx_word' id='word_1_170' title='bbox 2587 2049 2815 2115; x_wconf 84' lang='lat' dir='ltr'>incidit</span> <span class='ocrx_word' id='word_1_171' title='bbox 2874 2051 2941 2114; x_wconf 89' lang='lat' dir='ltr'>iu</span> 
     </span>
     <span class='ocr_line' id='line_1_16' title="bbox 333 2151 2938 2236; baseline 0.002 -20"><span class='ocrx_word' id='word_1_172' title='bbox 333 2153 636 2232; x_wconf 77' lang='lat' dir='ltr'>latroneS,</span> <span class='ocrx_word' id='word_1_173' title='bbox 712 2152 821 2234; x_wconf 91' lang='lat' dir='ltr'>qui</span> <span class='ocrx_word' id='word_1_174' title='bbox 887 2152 1080 2217; x_wconf 90' lang='lat' dir='ltr'>etiam</span> <span class='ocrx_word' id='word_1_175' title='bbox 1143 2152 1670 2233; x_wconf 87' lang='lat' dir='ltr'>despoliauerunt</span> <span class='ocrx_word' id='word_1_176' title='bbox 1728 2151 1907 2215; x_wconf 89' lang='lat' dir='ltr'>illum</span> <span class='ocrx_word' id='word_1_177' title='bbox 1977 2157 2043 2217; x_wconf 92' lang='lat' dir='ltr'>et</span> <span class='ocrx_word' id='word_1_178' title='bbox 2100 2153 2305 2235; x_wconf 84' lang='lat' dir='ltr'>plagis</span> <span class='ocrx_word' id='word_1_179' title='bbox 2366 2154 2680 2236; x_wconf 87' lang='lat' dir='ltr'>impositis</span> <span class='ocrx_word' id='word_1_180' title='bbox 2728 2204 2741 2218; x_wconf 91' lang='lat'><strong>.</strong></span> <span class='ocrx_word' id='word_1_181' title='bbox 2792 2202 2805 2215; x_wconf 92' lang='lat'><strong>.</strong></span> <span class='ocrx_word' id='word_1_182' title='bbox 2923 2205 2938 2220; x_wconf 92' lang='lat'><strong><em>.</em></strong></span> 
     </span>
     <span class='ocr_line' id='line_1_17' title="bbox 335 2255 2939 2340; baseline 0.001 -18"><span class='ocrx_word' id='word_1_183' title='bbox 335 2261 484 2322; x_wconf 91' lang='lat' dir='ltr'>uiuo</span> <span class='ocrx_word' id='word_1_184' title='bbox 530 2255 845 2323; x_wconf 88' lang='lat' dir='ltr'>abierunt.</span> <span class='ocrx_word' id='word_1_185' title='bbox 895 2260 1000 2323; x_wconf 86' lang='lat'>31.</span> <span class='ocrx_word' id='word_1_186' title='bbox 1049 2259 1361 2323; x_wconf 85' lang='lat' dir='ltr'>Sacerdos</span> <span class='ocrx_word' id='word_1_187' title='bbox 1387 2257 1643 2339; x_wconf 85' lang='lat' dir='ltr'>quidam</span> <span class='ocrx_word' id='word_1_188' title='bbox 1678 2257 2111 2322; x_wconf 88' lang='lat' dir='ltr'>descendebat</span> <span class='ocrx_word' id='word_1_189' title='bbox 2158 2277 2270 2340; x_wconf 90' lang='lat' dir='ltr'>per</span> <span class='ocrx_word' id='word_1_190' title='bbox 2319 2259 2539 2324; x_wconf 88' lang='lat' dir='ltr'>eadem</span> <span class='ocrx_word' id='word_1_191' title='bbox 2570 2260 2677 2324; x_wconf 89' lang='lat' dir='ltr'>uia</span> <span class='ocrx_word' id='word_1_192' title='bbox 2710 2262 2777 2324; x_wconf 91' lang='lat' dir='ltr'>et</span> <span class='ocrx_word' id='word_1_193' title='bbox 2800 2259 2939 2324; x_wconf 90' lang='lat' dir='ltr'>uiso</span> 
     </span>
     <span class='ocr_line' id='line_1_18' title="bbox 331 2361 2933 2445; baseline 0.002 -20"><span class='ocrx_word' id='word_1_194' title='bbox 331 2361 440 2426; x_wconf 94' lang='grc'>1110</span> <span class='ocrx_word' id='word_1_195' title='bbox 464 2361 817 2445; x_wconf 87' lang='lat' dir='ltr'>praeteriit.</span> <span class='ocrx_word' id='word_1_196' title='bbox 866 2364 969 2428; x_wconf 90' lang='grc'><strong>32.</strong></span> <span class='ocrx_word' id='word_1_197' title='bbox 1019 2362 1649 2439; x_wconf 80' lang='lat' dir='ltr'>Similit.e1·etleuita,</span> <span class='ocrx_word' id='word_1_198' title='bbox 1683 2380 1826 2427; x_wconf 90' lang='lat' dir='ltr'>cum</span> <span class='ocrx_word' id='word_1_199' title='bbox 1874 2368 2048 2429; x_wconf 87' lang='lat' dir='ltr'>esset</span> <span class='ocrx_word' id='word_1_200' title='bbox 2081 2381 2265 2429; x_wconf 88' lang='lat' dir='ltr'>secus</span> <span class='ocrx_word' id='word_1_201' title='bbox 2315 2364 2544 2442; x_wconf 90' lang='lat' dir='ltr'>locum,</span> <span class='ocrx_word' id='word_1_202' title='bbox 2571 2368 2639 2427; x_wconf 92' lang='lat' dir='ltr'>et</span> <span class='ocrx_word' id='word_1_203' title='bbox 2663 2365 2933 2443; x_wconf 91' lang='lat' dir='ltr'>uideret,</span> 
     </span>
     <span class='ocr_line' id='line_1_19' title="bbox 336 2464 2834 2549; baseline 0.002 -18"><span class='ocrx_word' id='word_1_204' title='bbox 336 2486 477 2531; x_wconf 91' lang='lat' dir='ltr'>eum</span> <span class='ocrx_word' id='word_1_205' title='bbox 523 2468 917 2548; x_wconf 85' lang='lat' dir='ltr'>pertransiit.</span> <span class='ocrx_word' id='word_1_206' title='bbox 967 2468 1067 2534; x_wconf 84' lang='lat'>33.</span> <span class='ocrx_word' id='word_1_207' title='bbox 1094 2464 1530 2532; x_wconf 86' lang='lat' dir='ltr'>Samaritanus</span> <span class='ocrx_word' id='word_1_208' title='bbox 1567 2471 1780 2531; x_wconf 90' lang='lat' dir='ltr'>autem</span> <span class='ocrx_word' id='word_1_209' title='bbox 1827 2468 2083 2549; x_wconf 88' lang='lat' dir='ltr'>quidam</span> <span class='ocrx_word' id='word_1_210' title='bbox 2114 2467 2238 2533; x_wconf 88' lang='lat' dir='ltr'>iter</span> <span class='ocrx_word' id='word_1_211' title='bbox 2270 2468 2514 2534; x_wconf 88' lang='lat' dir='ltr'>faciens</span> <span class='ocrx_word' id='word_1_212' title='bbox 2559 2469 2782 2533; x_wconf 88' lang='lat' dir='ltr'>uenit.</span> <span class='ocrx_word' id='word_1_213' title='bbox 2820 2520 2834 2533; x_wconf 91' lang='lat'><em>.</em></span> 
     </span>
     <span class='ocr_line' id='line_1_20' title="bbox 335 2570 2939 2655; baseline 0 -19"><span class='ocrx_word' id='word_1_214' title='bbox 335 2591 478 2636; x_wconf 88' lang='lat' dir='ltr'>eum</span> <span class='ocrx_word' id='word_1_215' title='bbox 527 2573 865 2637; x_wconf 69' lang='grc'>6111111608</span> <span class='ocrx_word' id='word_1_216' title='bbox 910 2570 1351 2638; x_wconf 87' lang='lat' dir='ltr'>misericordia</span> <span class='ocrx_word' id='word_1_217' title='bbox 1398 2576 1607 2636; x_wconf 89' lang='lat' dir='ltr'>motus</span> <span class='ocrx_word' id='word_1_218' title='bbox 1655 2575 1773 2637; x_wconf 89' lang='lat' dir='ltr'>est.</span> <span class='ocrx_word' id='word_1_219' title='bbox 1851 2575 1955 2638; x_wconf 73' lang='grc'>31.</span> <span class='ocrx_word' id='word_1_220' title='bbox 2020 2573 2105 2638; x_wconf 87' lang='lat' dir='ltr'>Et</span> <span class='ocrx_word' id='word_1_221' title='bbox 2149 2573 2441 2655; x_wconf 85' lang='lat' dir='ltr'>alligauit</span> <span class='ocrx_word' id='word_1_222' title='bbox 2486 2572 2752 2638; x_wconf 90' lang='lat' dir='ltr'>uulnera</span> <span class='ocrx_word' id='word_1_223' title='bbox 2798 2575 2939 2637; x_wconf 92' lang='lat' dir='ltr'>eius</span> 
     </span>
     <span class='ocr_line' id='line_1_21' title="bbox 337 2676 2939 2756; baseline 0 -16"><span class='ocrx_word' id='word_1_224' title='bbox 337 2681 398 2741; x_wconf 91' lang='lat' dir='ltr'>et</span> <span class='ocrx_word' id='word_1_225' title='bbox 441 2676 784 2742; x_wconf 88' lang='lat' dir='ltr'>infundens</span> <span class='ocrx_word' id='word_1_226' title='bbox 830 2676 1038 2741; x_wconf 91' lang='lat' dir='ltr'>oleum</span> <span class='ocrx_word' id='word_1_227' title='bbox 1086 2682 1150 2742; x_wconf 91' lang='lat' dir='ltr'>et</span> <span class='ocrx_word' id='word_1_228' title='bbox 1197 2677 1416 2740; x_wconf 91' lang='lat' dir='ltr'>uinum</span> <span class='ocrx_word' id='word_1_229' title='bbox 1443 2680 1509 2740; x_wconf 93' lang='lat' dir='ltr'>et</span> <span class='ocrx_word' id='word_1_230' title='bbox 1532 2678 1867 2756; x_wconf 89' lang='lat' dir='ltr'>imponens</span> <span class='ocrx_word' id='word_1_231' title='bbox 1914 2676 2092 2741; x_wconf 89' lang='lat' dir='ltr'>illum</span> <span class='ocrx_word' id='word_1_232' title='bbox 2139 2676 2202 2740; x_wconf 92' lang='lat' dir='ltr'>in</span> <span class='ocrx_word' id='word_1_233' title='bbox 2248 2677 2527 2741; x_wconf 90' lang='lat' dir='ltr'>iumento</span> <span class='ocrx_word' id='word_1_234' title='bbox 2574 2694 2710 2756; x_wconf 92' lang='lat' dir='ltr'>suo,</span> <span class='ocrx_word' id='word_1_235' title='bbox 2758 2678 2939 2742; x_wconf 92' lang='lat' dir='ltr'>duxit</span> 
     </span>
     <span class='ocr_line' id='line_1_22' title="bbox 338 2780 2936 2863; baseline 0 -18"><span class='ocrx_word' id='word_1_236' title='bbox 338 2781 414 2846; x_wconf 89' lang='lat' dir='ltr'>ad</span> <span class='ocrx_word' id='word_1_237' title='bbox 460 2781 800 2861; x_wconf 81' lang='lat' dir='ltr'>stabulum,</span> <span class='ocrx_word' id='word_1_238' title='bbox 850 2788 915 2846; x_wconf 88' lang='lat' dir='ltr'>et</span> <span class='ocrx_word' id='word_1_239' title='bbox 961 2800 1180 2847; x_wconf 89' lang='lat' dir='ltr'>curam</span> <span class='ocrx_word' id='word_1_240' title='bbox 1228 2782 1367 2846; x_wconf 89' lang='lat' dir='ltr'>eius</span> <span class='ocrx_word' id='word_1_241' title='bbox 1415 2780 1568 2863; x_wconf 84' lang='lat' dir='ltr'>egit.</span> <span class='ocrx_word' id='word_1_242' title='bbox 1628 2782 1727 2847; x_wconf 81' lang='lat'>35.</span> <span class='ocrx_word' id='word_1_243' title='bbox 1778 2782 1866 2846; x_wconf 91' lang='lat' dir='ltr'>Et</span> <span class='ocrx_word' id='word_1_244' title='bbox 1911 2782 2112 2846; x_wconf 88' lang='lat' dir='ltr'>altera</span> <span class='ocrx_word' id='word_1_245' title='bbox 2158 2782 2263 2846; x_wconf 93' lang='lat' dir='ltr'>die</span> <span class='ocrx_word' id='word_1_246' title='bbox 2310 2781 2577 2862; x_wconf 84' lang='lat' dir='ltr'>protulit</span> <span class='ocrx_word' id='word_1_247' title='bbox 2624 2781 2785 2848; x_wconf 89' lang='lat' dir='ltr'>duos</span> <span class='ocrx_word' id='word_1_248' title='bbox 2830 2783 2936 2847; x_wconf 89' lang='lat' dir='ltr'>de-</span> 
     </span>
     <span class='ocr_line' id='line_1_23' title="bbox 333 2885 2935 2970; baseline 0.001 -20"><span class='ocrx_word' id='word_1_249' title='bbox 333 2888 547 2953; x_wconf 86' lang='lat' dir='ltr'>narios</span> <span class='ocrx_word' id='word_1_250' title='bbox 608 2892 673 2952; x_wconf 91' lang='lat' dir='ltr'>et</span> <span class='ocrx_word' id='word_1_251' title='bbox 718 2886 896 2952; x_wconf 89' lang='lat' dir='ltr'>dedit</span> <span class='ocrx_word' id='word_1_252' title='bbox 959 2886 1310 2952; x_wconf 89' lang='lat' dir='ltr'>stabulario</span> <span class='ocrx_word' id='word_1_253' title='bbox 1373 2890 1442 2951; x_wconf 91' lang='lat' dir='ltr'>et</span> <span class='ocrx_word' id='word_1_254' title='bbox 1486 2887 1608 2952; x_wconf 88' lang='lat' dir='ltr'>ait:</span> <span class='ocrx_word' id='word_1_255' title='bbox 1688 2906 1902 2951; x_wconf 89' lang='lat' dir='ltr'>curam</span> <span class='ocrx_word' id='word_1_256' title='bbox 1947 2888 2085 2951; x_wconf 91' lang='lat' dir='ltr'>eius</span> <span class='ocrx_word' id='word_1_257' title='bbox 2130 2885 2313 2966; x_wconf 87' lang='lat' dir='ltr'>habe,</span> <span class='ocrx_word' id='word_1_258' title='bbox 2389 2891 2453 2951; x_wconf 88' lang='lat' dir='ltr'>et</span> <span class='ocrx_word' id='word_1_259' title='bbox 2499 2887 2935 2970; x_wconf 89' lang='lat' dir='ltr'>quodcumque</span> 
     </span>
     <span class='ocr_line' id='line_1_24' title="bbox 336 2991 2935 3073; baseline -0 -17"><span class='ocrx_word' id='word_1_260' title='bbox 336 2991 912 3073; x_wconf 84' lang='lat' dir='ltr'>supererogaueris,</span> <span class='ocrx_word' id='word_1_261' title='bbox 982 3010 1100 3073; x_wconf 84' lang='lat' dir='ltr'>ego</span> <span class='ocrx_word' id='word_1_262' title='bbox 1170 2995 1504 3056; x_wconf 86' lang='lat' dir='ltr'>reuertens</span> <span class='ocrx_word' id='word_1_263' title='bbox 1574 2991 1834 3056; x_wconf 88' lang='lat' dir='ltr'>reddam</span> <span class='ocrx_word' id='word_1_264' title='bbox 1892 2991 2030 3057; x_wconf 89' lang='lat' dir='ltr'>tibi.</span> <span class='ocrx_word' id='word_1_265' title='bbox 2120 2993 2222 3058; x_wconf 84' lang='lat'>36.</span> <span class='ocrx_word' id='word_1_266' title='bbox 2274 2991 2427 3068; x_wconf 84' lang='lat' dir='ltr'>Quis</span> <span class='ocrx_word' id='word_1_267' title='bbox 2473 2992 2697 3056; x_wconf 90' lang='lat' dir='ltr'>horum</span> <span class='ocrx_word' id='word_1_268' title='bbox 2743 2992 2935 3057; x_wconf 88' lang='lat' dir='ltr'>trium</span> 
     </span>
     <span class='ocr_line' id='line_1_25' title="bbox 341 3075 2936 3179; baseline 0.001 -21"><span class='ocrx_word' id='word_1_269' title='bbox 341 3075 593 3160; x_wconf 77' lang='lat' dir='ltr'>uidetur</span> <span class='ocrx_word' id='word_1_270' title='bbox 637 3095 754 3162; x_wconf 92' lang='lat' dir='ltr'>tibi</span> <span class='ocrx_word' id='word_1_271' title='bbox 799 3092 1125 3179; x_wconf 86' lang='lat' dir='ltr'>proximus</span> <span class='ocrx_word' id='word_1_272' title='bbox 1170 3094 1369 3160; x_wconf 89' lang='lat' dir='ltr'>fuisse</span> <span class='ocrx_word' id='word_1_273' title='bbox 1414 3095 1495 3171; x_wconf 91' lang='lat' dir='ltr'>ei,</span> <span class='ocrx_word' id='word_1_274' title='bbox 1565 3095 1673 3178; x_wconf 90' lang='lat' dir='ltr'>qui</span> <span class='ocrx_word' id='word_1_275' title='bbox 1727 3094 1951 3158; x_wconf 86' lang='lat' dir='ltr'>incidit</span> <span class='ocrx_word' id='word_1_276' title='bbox 1995 3095 2060 3158; x_wconf 91' lang='lat' dir='ltr'>in</span> <span class='ocrx_word' id='word_1_277' title='bbox 2108 3094 2437 3160; x_wconf 76' lang='lat' dir='ltr'>latrones?</span> <span class='ocrx_word' id='word_1_278' title='bbox 2527 3096 2631 3161; x_wconf 87' lang='grc'>37.</span> <span class='ocrx_word' id='word_1_279' title='bbox 2679 3097 2780 3160; x_wconf 91' lang='lat' dir='ltr'>Ad</span> <span class='ocrx_word' id='word_1_280' title='bbox 2828 3096 2936 3162; x_wconf 92' lang='lat' dir='ltr'>ille</span> 
     </span>
     <span class='ocr_line' id='line_1_26' title="bbox 343 3198 2935 3278; baseline 0 -14"><span class='ocrx_word' id='word_1_281' title='bbox 343 3200 531 3265; x_wconf 85' lang='lat' dir='ltr'>dixit:</span> <span class='ocrx_word' id='word_1_282' title='bbox 601 3201 719 3278; x_wconf 85' lang='lat' dir='ltr'>Qui</span> <span class='ocrx_word' id='word_1_283' title='bbox 764 3199 918 3267; x_wconf 89' lang='lat' dir='ltr'>fecit</span> <span class='ocrx_word' id='word_1_284' title='bbox 963 3200 1468 3266; x_wconf 86' lang='lat' dir='ltr'>misericordiam</span> <span class='ocrx_word' id='word_1_285' title='bbox 1514 3201 1580 3265; x_wconf 92' lang='lat' dir='ltr'>in</span> <span class='ocrx_word' id='word_1_286' title='bbox 1626 3219 1787 3265; x_wconf 90' lang='lat' dir='ltr'>eum.</span> <span class='ocrx_word' id='word_1_287' title='bbox 1841 3200 1928 3265; x_wconf 89' lang='lat' dir='ltr'>Et</span> <span class='ocrx_word' id='word_1_288' title='bbox 1971 3201 2064 3266; x_wconf 91' lang='lat' dir='ltr'>ait</span> <span class='ocrx_word' id='word_1_289' title='bbox 2108 3200 2207 3264; x_wconf 92' lang='lat' dir='ltr'>illi</span> <span class='ocrx_word' id='word_1_290' title='bbox 2251 3198 2475 3266; x_wconf 83' lang='lat' dir='ltr'>Jesus:</span> <span class='ocrx_word' id='word_1_291' title='bbox 2526 3198 2707 3266; x_wconf 89' lang='lat' dir='ltr'>Uade</span> <span class='ocrx_word' id='word_1_292' title='bbox 2753 3206 2820 3266; x_wconf 90' lang='lat' dir='ltr'>et</span> <span class='ocrx_word' id='word_1_293' title='bbox 2864 3207 2935 3266; x_wconf 87' lang='lat' dir='ltr'>tu</span> 
     </span>
     <span class='ocr_line' id='line_1_27' title="bbox 334 3304 2936 3387; baseline 0.002 -19"><span class='ocrx_word' id='word_1_294' title='bbox 334 3304 433 3368; x_wconf 83' lang='lat' dir='ltr'>sac</span> <span class='ocrx_word' id='word_1_295' title='bbox 477 3305 789 3371; x_wconf 86' lang='lat' dir='ltr'>similiter.</span> <span class='ocrx_word' id='word_1_296' title='bbox 884 3308 986 3372; x_wconf 83' lang='lat'>38.</span> <span class='ocrx_word' id='word_1_297' title='bbox 1051 3305 1320 3370; x_wconf 87' lang='lat' dir='ltr'>Factum</span> <span class='ocrx_word' id='word_1_298' title='bbox 1381 3311 1482 3371; x_wconf 91' lang='lat' dir='ltr'>est</span> <span class='ocrx_word' id='word_1_299' title='bbox 1545 3310 1778 3385; x_wconf 85' lang='lat' dir='ltr'>autem,</span> <span class='ocrx_word' id='word_1_300' title='bbox 1851 3324 1991 3370; x_wconf 91' lang='lat' dir='ltr'>cum</span> <span class='ocrx_word' id='word_1_301' title='bbox 2050 3305 2220 3370; x_wconf 89' lang='lat' dir='ltr'>irent</span> <span class='ocrx_word' id='word_1_302' title='bbox 2265 3310 2331 3370; x_wconf 90' lang='lat' dir='ltr'>et</span> <span class='ocrx_word' id='word_1_303' title='bbox 2373 3305 2513 3387; x_wconf 89' lang='lat' dir='ltr'>ipse</span> <span class='ocrx_word' id='word_1_304' title='bbox 2557 3307 2823 3371; x_wconf 87' lang='lat' dir='ltr'>intrauit</span> <span class='ocrx_word' id='word_1_305' title='bbox 2867 3309 2936 3373; x_wconf 89' lang='lat' dir='ltr'>in</span> 
     </span>
     <span class='ocr_line' id='line_1_28' title="bbox 335 3409 2934 3494; baseline 0.001 -20"><span class='ocrx_word' id='word_1_306' title='bbox 335 3410 604 3492; x_wconf 89' lang='lat' dir='ltr'>quodam</span> <span class='ocrx_word' id='word_1_307' title='bbox 669 3409 951 3490; x_wconf 91' lang='lat' dir='ltr'>castello,</span> <span class='ocrx_word' id='word_1_308' title='bbox 1021 3416 1085 3476; x_wconf 93' lang='lat' dir='ltr'>et</span> <span class='ocrx_word' id='word_1_309' title='bbox 1147 3410 1379 3476; x_wconf 88' lang='lat' dir='ltr'>mulier</span> <span class='ocrx_word' id='word_1_310' title='bbox 1446 3413 1758 3492; x_wconf 86' lang='lat' dir='ltr'>quaedam</span> <span class='ocrx_word' id='word_1_311' title='bbox 1822 3410 2076 3476; x_wconf 85' lang='lat' dir='ltr'>Martha</span> <span class='ocrx_word' id='word_1_312' title='bbox 2138 3412 2394 3475; x_wconf 88' lang='lat' dir='ltr'>nomine</span> <span class='ocrx_word' id='word_1_313' title='bbox 2459 3411 2710 3494; x_wconf 83' lang='lat' dir='ltr'>excepit</span> <span class='ocrx_word' id='word_1_314' title='bbox 2756 3411 2934 3477; x_wconf 90' lang='lat' dir='ltr'>illum</span> 
     </span>
     <span class='ocr_line' id='line_1_29' title="bbox 333 3515 2945 3596; baseline 0 -17"><span class='ocrx_word' id='word_1_315' title='bbox 333 3516 397 3579; x_wconf 88' lang='lat' dir='ltr'>iu</span> <span class='ocrx_word' id='word_1_316' title='bbox 447 3516 697 3581; x_wconf 89' lang='lat' dir='ltr'>domum</span> <span class='ocrx_word' id='word_1_317' title='bbox 746 3534 962 3593; x_wconf 76' lang='lat' dir='ltr'>suam:</span> <span class='ocrx_word' id='word_1_318' title='bbox 1033 3517 1135 3583; x_wconf 84' lang='lat'>39.</span> <span class='ocrx_word' id='word_1_319' title='bbox 1189 3520 1256 3581; x_wconf 92' lang='lat' dir='ltr'>et</span> <span class='ocrx_word' id='word_1_320' title='bbox 1299 3516 1448 3582; x_wconf 90' lang='lat' dir='ltr'>huic</span> <span class='ocrx_word' id='word_1_321' title='bbox 1495 3521 1637 3582; x_wconf 86' lang='lat' dir='ltr'>erat</span> <span class='ocrx_word' id='word_1_322' title='bbox 1683 3535 1866 3582; x_wconf 87' lang='lat' dir='ltr'>soror</span> <span class='ocrx_word' id='word_1_323' title='bbox 1913 3517 2165 3581; x_wconf 91' lang='lat' dir='ltr'>nomine</span> <span class='ocrx_word' id='word_1_324' title='bbox 2212 3515 2437 3594; x_wconf 86' lang='lat' dir='ltr'>Maria,</span> <span class='ocrx_word' id='word_1_325' title='bbox 2518 3535 2679 3596; x_wconf 88' lang='lat' dir='ltr'>quae</span> <span class='ocrx_word' id='word_1_326' title='bbox 2742 3519 2945 3581; x_wconf 83' lang='lat' dir='ltr'>etiam</span> 
     </span>
     <span class='ocr_line' id='line_1_30' title="bbox 332 3618 2932 3702; baseline 0 -17"><span class='ocrx_word' id='word_1_327' title='bbox 332 3620 564 3686; x_wconf 80' lang='lat' dir='ltr'>sedens</span> <span class='ocrx_word' id='word_1_328' title='bbox 609 3639 795 3686; x_wconf 89' lang='lat' dir='ltr'>secus</span> <span class='ocrx_word' id='word_1_329' title='bbox 839 3623 1038 3702; x_wconf 86' lang='lat' dir='ltr'>pedes</span> <span class='ocrx_word' id='word_1_330' title='bbox 1085 3621 1243 3686; x_wconf 88' lang='lat' dir='ltr'>Jesu</span> <span class='ocrx_word' id='word_1_331' title='bbox 1292 3620 1598 3686; x_wconf 88' lang='lat' dir='ltr'>audiebat</span> <span class='ocrx_word' id='word_1_332' title='bbox 1664 3621 1932 3685; x_wconf 88' lang='lat' dir='ltr'>uerbum</span> <span class='ocrx_word' id='word_1_333' title='bbox 2002 3621 2193 3687; x_wconf 89' lang='lat' dir='ltr'>illius.</span> <span class='ocrx_word' id='word_1_334' title='bbox 2265 3622 2369 3686; x_wconf 83' lang='lat'>40.</span> <span class='ocrx_word' id='word_1_335' title='bbox 2419 3618 2674 3686; x_wconf 87' lang='lat' dir='ltr'>Martha</span> <span class='ocrx_word' id='word_1_336' title='bbox 2720 3626 2932 3686; x_wconf 78' lang='lat' dir='ltr'>autem</span> 
     </span>
     <span class='ocr_line' id='line_1_31' title="bbox 331 3723 2931 3807; baseline -0.001 -15"><span class='ocrx_word' id='word_1_337' title='bbox 331 3726 662 3807; x_wconf 82' lang='lat' dir='ltr'>satagebat</span> <span class='ocrx_word' id='word_1_338' title='bbox 707 3728 875 3792; x_wconf 90' lang='lat' dir='ltr'>circa</span> <span class='ocrx_word' id='word_1_339' title='bbox 941 3727 1388 3804; x_wconf 86' lang='lat' dir='ltr'>ministerium,</span> <span class='ocrx_word' id='word_1_340' title='bbox 1464 3743 1627 3806; x_wconf 88' lang='lat' dir='ltr'>quae</span> <span class='ocrx_word' id='word_1_341' title='bbox 1673 3725 1876 3807; x_wconf 86' lang='lat' dir='ltr'>stetit,</span> <span class='ocrx_word' id='word_1_342' title='bbox 1949 3730 2013 3790; x_wconf 90' lang='lat' dir='ltr'>et</span> <span class='ocrx_word' id='word_1_343' title='bbox 2058 3726 2181 3789; x_wconf 89' lang='lat' dir='ltr'>ait:</span> <span class='ocrx_word' id='word_1_344' title='bbox 2260 3724 2402 3788; x_wconf 91' lang='lat' dir='ltr'>Non</span> <span class='ocrx_word' id='word_1_345' title='bbox 2449 3729 2549 3788; x_wconf 84' lang='lat' dir='ltr'>est</span> <span class='ocrx_word' id='word_1_346' title='bbox 2591 3723 2711 3789; x_wconf 92' lang='lat' dir='ltr'>tibi</span> <span class='ocrx_word' id='word_1_347' title='bbox 2759 3743 2931 3802; x_wconf 89' lang='lat' dir='ltr'>cura,</span> 
     </span>
     <span class='ocr_line' id='line_1_32' title="bbox 332 3827 2933 3913; baseline 0 -18"><span class='ocrx_word' id='word_1_348' title='bbox 332 3849 407 3895; x_wconf 89' lang='grc'>66</span> <span class='ocrx_word' id='word_1_349' title='bbox 455 3832 627 3913; x_wconf 90' lang='lat' dir='ltr'>quod</span> <span class='ocrx_word' id='word_1_350' title='bbox 673 3849 850 3898; x_wconf 87' lang='lat' dir='ltr'>soror</span> <span class='ocrx_word' id='word_1_351' title='bbox 914 3851 1058 3897; x_wconf 89' lang='lat' dir='ltr'>mea</span> <span class='ocrx_word' id='word_1_352' title='bbox 1102 3831 1377 3912; x_wconf 86' lang='lat' dir='ltr'>reliquid</span> <span class='ocrx_word' id='word_1_353' title='bbox 1435 3849 1538 3894; x_wconf 93' lang='lat' dir='ltr'>me</span> <span class='ocrx_word' id='word_1_354' title='bbox 1598 3830 1797 3896; x_wconf 90' lang='lat' dir='ltr'>solam</span> <span class='ocrx_word' id='word_1_355' title='bbox 1843 3827 2253 3894; x_wconf 75' lang='lat' dir='ltr'>ministrare?</span> <span class='ocrx_word' id='word_1_356' title='bbox 2314 3829 2421 3893; x_wconf 90' lang='lat' dir='ltr'>dic</span> <span class='ocrx_word' id='word_1_357' title='bbox 2481 3847 2633 3910; x_wconf 85' lang='lat' dir='ltr'>ergo</span> <span class='ocrx_word' id='word_1_358' title='bbox 2679 3829 2793 3908; x_wconf 90' lang='lat' dir='ltr'>illi,</span> <span class='ocrx_word' id='word_1_359' title='bbox 2862 3835 2933 3895; x_wconf 89' lang='lat' dir='ltr'>ut</span> 
     </span>
     <span class='ocr_line' id='line_1_33' title="bbox 328 3932 2929 4019; baseline 0 -19"><span class='ocrx_word' id='word_1_360' title='bbox 328 3954 432 4000; x_wconf 93' lang='lat' dir='ltr'>me</span> <span class='ocrx_word' id='word_1_361' title='bbox 501 3936 780 4002; x_wconf 88' lang='lat' dir='ltr'>adiuuet.</span> <span class='ocrx_word' id='word_1_362' title='bbox 872 3939 978 4003; x_wconf 85' lang='lat'>41.</span> <span class='ocrx_word' id='word_1_363' title='bbox 1048 3937 1134 4002; x_wconf 87' lang='lat' dir='ltr'>Et</span> <span class='ocrx_word' id='word_1_364' title='bbox 1200 3935 1594 4019; x_wconf 89' lang='lat' dir='ltr'>respondens</span> <span class='ocrx_word' id='word_1_365' title='bbox 1664 3934 1826 3999; x_wconf 88' lang='lat' dir='ltr'>dixit</span> <span class='ocrx_word' id='word_1_366' title='bbox 1868 3932 1962 3998; x_wconf 93' lang='lat' dir='ltr'>illi</span> <span class='ocrx_word' id='word_1_367' title='bbox 2009 3933 2233 4000; x_wconf 88' lang='lat' dir='ltr'>Jesus:</span> <span class='ocrx_word' id='word_1_368' title='bbox 2306 3933 2582 4012; x_wconf 89' lang='lat' dir='ltr'>Martha,</span> <span class='ocrx_word' id='word_1_369' title='bbox 2653 3934 2929 4019; x_wconf 83' lang='lat' dir='ltr'>Martha,</span> 
     </span>
     <span class='ocr_line' id='line_1_34' title="bbox 328 4037 2756 4125; baseline -0.002 -19"><span class='ocrx_word' id='word_1_370' title='bbox 328 4042 433 4106; x_wconf 88' lang='grc'>42.</span> <span class='ocrx_word' id='word_1_371' title='bbox 482 4041 752 4107; x_wconf 85' lang='grc' dir='ltr'>Μ6116111</span> <span class='ocrx_word' id='word_1_372' title='bbox 800 4043 1104 4125; x_wconf 82' lang='lat' dir='ltr'>optimam</span> <span class='ocrx_word' id='word_1_373' title='bbox 1149 4045 1398 4123; x_wconf 89' lang='lat' dir='ltr'>partem</span> <span class='ocrx_word' id='word_1_374' title='bbox 1447 4039 1645 4121; x_wconf 85' lang='lat' dir='ltr'>elegit</span> <span class='ocrx_word' id='word_1_375' title='bbox 1690 4039 1834 4121; x_wconf 90' lang='lat' dir='ltr'>sibi,</span> <span class='ocrx_word' id='word_1_376' title='bbox 1881 4057 2045 4121; x_wconf 86' lang='lat' dir='ltr'>quae</span> <span class='ocrx_word' id='word_1_377' title='bbox 2093 4057 2216 4102; x_wconf 89' lang='lat' dir='ltr'>non</span> <span class='ocrx_word' id='word_1_378' title='bbox 2265 4037 2594 4104; x_wconf 86' lang='lat' dir='ltr'>auferetur</span> <span class='ocrx_word' id='word_1_379' title='bbox 2641 4038 2756 4103; x_wconf 91' lang='grc'>1111.</span> 
     </span>
    </p>
   </div>
   <div class='ocr_carea' id='block_1_3' title="bbox 327 4248 2932 4854">
    <p class='ocr_par' dir='ltr' id='par_1_3' title="bbox 327 4248 2932 4854">
     <span class='ocr_line' id='line_1_35' title="bbox 366 4248 2927 4333; baseline -0.001 -16"><span class='ocrx_word' id='word_1_380' title='bbox 366 4329 369 4333; x_wconf 15' lang='lat' dir='ltr'>y</span> <span class='ocrx_word' id='word_1_381' title='bbox 536 4249 668 4317; x_wconf 83' lang='lat' dir='ltr'>xl.</span> <span class='ocrx_word' id='word_1_382' title='bbox 719 4256 773 4317; x_wconf 90' lang='lat'>1.</span> <span class='ocrx_word' id='word_1_383' title='bbox 822 4252 908 4317; x_wconf 87' lang='lat' dir='ltr'>Et</span> <span class='ocrx_word' id='word_1_384' title='bbox 955 4250 1191 4316; x_wconf 87' lang='lat' dir='ltr'>factum</span> <span class='ocrx_word' id='word_1_385' title='bbox 1237 4254 1354 4333; x_wconf 87' lang='lat' dir='ltr'>est,</span> <span class='ocrx_word' id='word_1_386' title='bbox 1404 4269 1545 4315; x_wconf 92' lang='lat' dir='ltr'>cum</span> <span class='ocrx_word' id='word_1_387' title='bbox 1592 4255 1764 4315; x_wconf 90' lang='lat' dir='ltr'>esset</span> <span class='ocrx_word' id='word_1_388' title='bbox 1808 4252 1945 4332; x_wconf 89' lang='lat' dir='ltr'>ipse</span> <span class='ocrx_word' id='word_1_389' title='bbox 1991 4250 2057 4314; x_wconf 93' lang='lat' dir='ltr'>in</span> <span class='ocrx_word' id='word_1_390' title='bbox 2101 4249 2371 4332; x_wconf 88' lang='lat' dir='ltr'>quodam</span> <span class='ocrx_word' id='word_1_391' title='bbox 2420 4248 2558 4313; x_wconf 93' lang='grc'>1060</span> <span class='ocrx_word' id='word_1_392' title='bbox 2607 4268 2813 4328; x_wconf 83' lang='grc'>016118,</span> <span class='ocrx_word' id='word_1_393' title='bbox 2863 4254 2927 4314; x_wconf 93' lang='lat' dir='ltr'>et</span> 
     </span>
     <span class='ocr_line' id='line_1_36' title="bbox 328 4347 2931 4438; baseline -0 -18"><span class='ocrx_word' id='word_1_394' title='bbox 328 4360 402 4421; x_wconf 88' lang='lat' dir='ltr'>ut</span> <span class='ocrx_word' id='word_1_395' title='bbox 449 4359 745 4438; x_wconf 89' lang='lat' dir='ltr'>cessauit,</span> <span class='ocrx_word' id='word_1_396' title='bbox 795 4357 960 4423; x_wconf 89' lang='lat' dir='ltr'>dixit</span> <span class='ocrx_word' id='word_1_397' title='bbox 1019 4374 1182 4421; x_wconf 90' lang='lat' dir='ltr'>unus</span> <span class='ocrx_word' id='word_1_398' title='bbox 1229 4375 1307 4418; x_wconf 89' lang='lat' dir='ltr'>ex</span> <span class='ocrx_word' id='word_1_399' title='bbox 1355 4354 1689 4438; x_wconf 87' lang='lat' dir='ltr'>discipulis</span> <span class='ocrx_word' id='word_1_400' title='bbox 1740 4355 1879 4420; x_wconf 88' lang='lat' dir='ltr'>eius</span> <span class='ocrx_word' id='word_1_401' title='bbox 1940 4356 2019 4420; x_wconf 89' lang='lat' dir='ltr'>ad</span> <span class='ocrx_word' id='word_1_402' title='bbox 2066 4373 2241 4420; x_wconf 88' lang='lat' dir='ltr'>eum:</span> <span class='ocrx_word' id='word_1_403' title='bbox 2294 4354 2566 4429; x_wconf 86' lang='lat' dir='ltr'>domine,</span> <span class='ocrx_word' id='word_1_404' title='bbox 2615 4355 2771 4420; x_wconf 91' lang='lat' dir='ltr'>doce</span> <span class='ocrx_word' id='word_1_405' title='bbox 2805 4347 2931 4419; x_wconf 84' lang='lat' dir='ltr'>nos</span> 
     </span>
     <span class='ocr_line' id='line_1_37' title="bbox 327 4457 2932 4545; baseline -0.001 -19"><span class='ocrx_word' id='word_1_406' title='bbox 327 4480 532 4545; x_wconf 88' lang='lat' dir='ltr'>orare,</span> <span class='ocrx_word' id='word_1_407' title='bbox 580 4464 745 4528; x_wconf 91' lang='lat' dir='ltr'>sicut</span> <span class='ocrx_word' id='word_1_408' title='bbox 788 4463 1116 4530; x_wconf 87' lang='lat' dir='ltr'>Johanues</span> <span class='ocrx_word' id='word_1_409' title='bbox 1185 4461 1407 4529; x_wconf 84' lang='lat' dir='ltr'>docuit</span> <span class='ocrx_word' id='word_1_410' title='bbox 1466 4461 1816 4542; x_wconf 88' lang='lat' dir='ltr'>discipulos</span> <span class='ocrx_word' id='word_1_411' title='bbox 1892 4479 2060 4526; x_wconf 92' lang='lat' dir='ltr'>suos.</span> <span class='ocrx_word' id='word_1_412' title='bbox 2152 4463 2215 4527; x_wconf 88' lang='grc'>2.</span> <span class='ocrx_word' id='word_1_413' title='bbox 2259 4460 2347 4525; x_wconf 89' lang='lat' dir='ltr'>Et</span> <span class='ocrx_word' id='word_1_414' title='bbox 2393 4460 2485 4524; x_wconf 90' lang='lat' dir='ltr'>ait</span> <span class='ocrx_word' id='word_1_415' title='bbox 2528 4459 2691 4524; x_wconf 92' lang='lat' dir='ltr'>illis:</span> <span class='ocrx_word' id='word_1_416' title='bbox 2770 4457 2932 4524; x_wconf 81' lang='lat' dir='ltr'>Cum</span> 
     </span>
     <span class='ocr_line' id='line_1_38' title="bbox 328 4565 2928 4648; baseline -0.002 -16"><span class='ocrx_word' id='word_1_417' title='bbox 328 4568 548 4647; x_wconf 85' lang='lat' dir='ltr'>oratis,</span> <span class='ocrx_word' id='word_1_418' title='bbox 598 4569 822 4633; x_wconf 85' lang='lat' dir='ltr'>dicite:</span> <span class='ocrx_word' id='word_1_419' title='bbox 874 4569 1072 4633; x_wconf 75' lang='lat' dir='ltr'>Pater</span> <span class='ocrx_word' id='word_1_420' title='bbox 1115 4570 1345 4640; x_wconf 77' lang='lat' dir='ltr'>noster,</span> <span class='ocrx_word' id='word_1_421' title='bbox 1377 4566 1488 4648; x_wconf 76' lang='lat' dir='ltr'>qui</span> <span class='ocrx_word' id='word_1_422' title='bbox 1533 4586 1596 4629; x_wconf 82' lang='lat' dir='ltr'>es</span> <span class='ocrx_word' id='word_1_423' title='bbox 1626 4566 1696 4629; x_wconf 74' lang='lat' dir='ltr'>in</span> <span class='ocrx_word' id='word_1_424' title='bbox 1726 4566 1948 4645; x_wconf 74' lang='lat' dir='ltr'>caeliS,</span> <span class='ocrx_word' id='word_1_425' title='bbox 1994 4565 2425 4648; x_wconf 51' lang='lat' dir='ltr'>sanctificetur</span> <span class='ocrx_word' id='word_1_426' title='bbox 2470 4584 2689 4628; x_wconf 77' lang='lat' dir='ltr'>nomen</span> <span class='ocrx_word' id='word_1_427' title='bbox 2733 4570 2928 4628; x_wconf 77' lang='lat' dir='ltr'>tuum.</span> 
     </span>
     <span class='ocr_line' id='line_1_39' title="bbox 339 4670 2929 4757; baseline -0.001 -22"><span class='ocrx_word' id='word_1_428' title='bbox 339 4670 569 4736; x_wconf 77' lang='lat' dir='ltr'>Ueniat</span> <span class='ocrx_word' id='word_1_429' title='bbox 609 4693 868 4757; x_wconf 70' lang='lat' dir='ltr'>reqnum</span> <span class='ocrx_word' id='word_1_430' title='bbox 913 4677 1107 4738; x_wconf 75' lang='lat' dir='ltr'>tuum.</span> <span class='ocrx_word' id='word_1_431' title='bbox 1157 4672 1309 4738; x_wconf 70' lang='lat' dir='ltr'>Fiat</span> <span class='ocrx_word' id='word_1_432' title='bbox 1350 4670 1642 4736; x_wconf 76' lang='lat' dir='ltr'>voluntas</span> <span class='ocrx_word' id='word_1_433' title='bbox 1686 4674 1801 4734; x_wconf 76' lang='lat' dir='ltr'>tua</span> <span class='ocrx_word' id='word_1_434' title='bbox 1845 4671 1915 4734; x_wconf 75' lang='lat' dir='ltr'>in</span> <span class='ocrx_word' id='word_1_435' title='bbox 1957 4670 2128 4735; x_wconf 85' lang='lat' dir='ltr'>caelo</span> <span class='ocrx_word' id='word_1_436' title='bbox 2152 4675 2212 4735; x_wconf 75' lang='lat' dir='ltr'>et</span> <span class='ocrx_word' id='word_1_437' title='bbox 2255 4671 2540 4735; x_wconf 78' lang='lat' dir='ltr'>interra.</span> <span class='ocrx_word' id='word_1_438' title='bbox 2590 4671 2648 4735; x_wconf 87' lang='lat'>3.</span> <span class='ocrx_word' id='word_1_439' title='bbox 2683 4671 2929 4734; x_wconf 82' lang='lat' dir='ltr'>Panem</span> 
     </span>
     <span class='ocr_line' id='line_1_40' title="bbox 328 4772 2926 4854; baseline -0.002 -14"><span class='ocrx_word' id='word_1_440' title='bbox 328 4781 611 4841; x_wconf 74' lang='lat' dir='ltr'>nostrum</span> <span class='ocrx_word' id='word_1_441' title='bbox 656 4778 1072 4844; x_wconf 77' lang='lat' dir='ltr'>cottidianum</span> <span class='ocrx_word' id='word_1_442' title='bbox 1118 4772 1203 4842; x_wconf 74' lang='lat' dir='ltr'>da</span> <span class='ocrx_word' id='word_1_443' title='bbox 1249 4777 1427 4842; x_wconf 78' lang='lat' dir='ltr'>nobis</span> <span class='ocrx_word' id='word_1_444' title='bbox 1460 4775 1659 4841; x_wconf 80' lang='lat' dir='ltr'>hodie.</span> <span class='ocrx_word' id='word_1_445' title='bbox 1705 4779 1769 4840; x_wconf 89' lang='lat'>4.</span> <span class='ocrx_word' id='word_1_446' title='bbox 1802 4777 1890 4839; x_wconf 76' lang='lat' dir='ltr'>Et</span> <span class='ocrx_word' id='word_1_447' title='bbox 1934 4775 2180 4839; x_wconf 75' lang='lat' dir='ltr'>dimitte</span> <span class='ocrx_word' id='word_1_448' title='bbox 2223 4775 2399 4840; x_wconf 75' lang='lat' dir='ltr'>nobis</span> <span class='ocrx_word' id='word_1_449' title='bbox 2443 4775 2655 4839; x_wconf 75' lang='lat' dir='ltr'>debita</span> <span class='ocrx_word' id='word_1_450' title='bbox 2684 4779 2926 4854; x_wconf 72' lang='lat' dir='ltr'>nostra,</span> 
     </span>
    </p>
   </div>
   <div class='ocr_carea' id='block_1_4' title="bbox 2550 4918 2578 4966">
    <p class='ocr_par' dir='ltr' id='par_1_4' title="bbox 2550 4918 2578 4966">
     <span class='ocr_line' id='line_1_41' title="bbox 2550 4918 2578 4966; baseline 0 0"><span class='ocrx_word' id='word_1_451' title='bbox 2550 4918 2578 4966; x_wconf 82' lang='lat'><strong>7</strong></span> 
     </span>
    </p>
   </div>
  </div>
 </body>
</html>
