3484 5617
554 489 678 554 124
1380 483 1747 553 Euangelium
1784 482 2082 539 secundum
2123 482 2387 539 Marcum.
3015 483 3074 538 C.
3112 489 3157 537 4.

549 698 716 760 enim
751 714 1044 761 mensura
1084 695 1443 774 metieritis,
1492 701 1558 758 et
1591 693 2141 758 demensurabitur
2188 692 2373 758 uobis
2426 695 2527 759 25.
2579 692 2700 769 Qui
2742 694 2908 757 enim
2941 692 3156 773 habet,

550 798 809 864 dabitur
862 799 975 878 illi,
1041 805 1111 864 et
1157 802 1264 882 qui
1312 818 1434 863 non
1481 798 1692 875 habet,
1757 802 1823 861 et
1867 798 2037 878 quod
2085 798 2297 875 habet,
2347 796 2676 862 auferetur
2724 799 2804 862 ab
2853 797 2981 862 illo.
3054 800 3157 862 26.

548 906 633 968 Et
681 903 969 969 dicebat:
1047 905 1151 969 Sic
1200 910 1300 970 est
1345 922 1609 984 regnum
1661 902 1786 981 dei,
1858 902 2390 981 quemadmodum
2437 903 2490 966 si
2536 902 2726 966 homo
2795 903 3013 966 mittat
3058 922 3154 964 se·

547 1027 689 1071 men
747 1007 809 1071 in
859 1012 1120 1082 terram,
1173 1010 1276 1075 27.
1324 1016 1389 1073 et
1436 1009 1707 1073 dormiat
1754 1013 1820 1070 et
1850 1009 2070 1087 surgat
2115 1010 2302 1071 nocte
2350 1009 2415 1070 et
2461 1007 2584 1086 die,
2635 1014 2701 1071 et
2745 1024 2958 1072 semen
3010 1026 3154 1087 ger-

548 1114 747 1176 minet
772 1119 836 1176 et
883 1114 1213 1191 increscat,
1265 1114 1410 1177 dum
1463 1112 1722 1176 nesciat.
1775 1113 1874 1175 28.
1928 1107 2114 1174 Ultro
2163 1110 2328 1175 enim
2374 1115 2550 1174 terra
2598 1108 2964 1192 fructificat,
3016 1111 3153 1190 pri-

557 1236 727 1280 mum
777 1216 1056 1296 herbam,
1106 1217 1338 1282 deinde
1385 1218 1642 1298 spicam,
1691 1215 1921 1279 deinde
1971 1215 2224 1297 plenum
2296 1216 2573 1278 triticum
2624 1216 2687 1279 in
2758 1215 2952 1296 spica.
3046 1217 3154 1279 25».

553 1320 710 1385 Cum
758 1321 1030 1386 fructum
1082 1321 1376 1400 ediderit,
1425 1322 1516 1385 sic
1563 1320 1760 1385 mittit
1819 1319 2064 1401 falcem,
2134 1320 2426 1400 quoniam
2495 1318 2681 1384 adest
2748 1307 2994 1385 messis.
3046 1320 3152 1386 30.

550 1426 636 1490 Et
713 1426 1003 1492 dicebat:
1102 1427 1414 1508 quomodo
1488 1425 1697 1489 simile
1774 1425 2058 1488 dicemus
2132 1441 2393 1505 regnum
2472 1423 2622 1487 dei?
2712 1424 2840 1488 Aut
2916 1423 2976 1487 in
3028 1440 3156 1503 qua

555 1531 974 1595 similitudine
1024 1533 1378 1612 ponemus?
1424 1528 1524 1596 31.
1576 1529 1755 1595 Sicut
1800 1547 2063 1611 granum
2113 1528 2356 1609 sinapis
2404 1534 2570 1609 quod
2617 1528 2999 1593 seminatum
3045 1544 3152 1590 su·

553 1655 668 1716 per
711 1641 966 1714 terram,
1015 1655 1155 1700 cum
1204 1638 1288 1701 sit
1360 1637 1567 1700 minus
1629 1636 1904 1698 omnium
1967 1634 2300 1714 seminum,
2394 1636 2498 1699 32.
2548 1633 2781 1697 crescit
2828 1636 3044 1695 autem
3088 1635 3155 1694 et

545 1738 614 1804 fit
658 1741 846 1805 arbor
889 1741 1096 1805 maius
1140 1742 1418 1806 omnium
1466 1739 1751 1803 holerum
1785 1745 1851 1803 et
1882 1737 2037 1804 facit
2081 1755 2291 1802 ramos
2340 1756 2620 1818 magnOS,
2650 1737 2739 1800 ita
2772 1741 2844 1800 ut
2890 1737 3141 1817 possint

550 1845 666 1909 sub
716 1846 934 1910 umbra
982 1846 1121 1910 eius
1168 1862 1321 1909 aues
1369 1844 1527 1909 caeli
1576 1844 1954 1908 inhabitare.
2004 1845 2103 1909 33.
2155 1843 2241 1907 Et
2287 1843 2432 1908 aliis
2483 1840 2799 1922 parabolis
2853 1839 3150 1921 loqueba·

548 1952 655 2012 tur
698 1950 778 2012 ad
827 1947 989 2026 illos,
1060 1949 1337 2029 qualiter
1383 1953 1680 2029 poterant
1727 1949 1969 2027 audire,
2040 1950 2143 2013 34.
2193 1948 2330 2012 sine
2398 1947 2722 2028 parabolis
2769 1950 2981 2010 autem
3031 1965 3153 2010 non

560 2052 945 2133 loquebatur
990 2052 1070 2117 ad
1117 2052 1304 2127 illos;
1355 2059 1602 2118 secreto
1647 2059 1861 2118 autem
1911 2053 2243 2134 discipulis
2306 2054 2441 2119 suis
2508 2051 2880 2117 exsoluebat
2924 2053 3153 2115 omnia.

546 2158 648 2222 35.
698 2157 783 2220 Et
828 2156 919 2220 ait
962 2156 1089 2221 illis
1135 2157 1200 2221 in
1247 2157 1358 2222 illa
1405 2158 1525 2237 die,
1574 2177 1714 2223 cum
1764 2177 1906 2223 sero
1932 2158 2165 2223 factum
2195 2161 2396 2222 esset:
2453 2162 2856 2221 transeamus
2905 2159 3145 2220 contra.

549 2263 650 2326 36.
701 2261 786 2325 Et
833 2261 1217 2326 dimiserunt
1264 2262 1509 2327 turbam
1558 2266 1624 2326 et
1671 2270 2052 2344 acceperunt
2097 2281 2259 2341 eum,
2308 2263 2399 2326 ita
2446 2268 2516 2325 ut
2563 2266 2706 2324 erat
2752 2261 2814 2324 in
2851 2258 3150 2325 nauicula

549 2371 614 2430 et
661 2365 898 2430 multae
944 2385 1143 2431 naues
1189 2366 1376 2432 simul
1424 2370 1604 2430 erant
1653 2386 1791 2431 cum
1832 2366 1957 2431 illo.
2009 2368 2111 2432 37.
2163 2366 2249 2431 Et
2276 2365 2449 2430 facta
2480 2371 2578 2431 est
2609 2362 2890 2447 procella
2923 2381 3152 2445 magna

544 2470 741 2551 uenti,
811 2476 877 2535 et
926 2469 1163 2534 fluctus
1241 2470 1536 2535 mittebat
1608 2471 1669 2533 in
1738 2470 2125 2549 nuuiculam,
2197 2470 2289 2535 ita
2359 2475 2429 2534 ut
2496 2469 2871 2550 impleretur
2938 2468 3144 2532 nauis.

544 2576 648 2639 38.
699 2574 860 2639 Erat
906 2579 1117 2638 autem
1166 2576 1304 2657 ipse
1351 2577 1412 2638 in
1462 2594 1675 2656 puppe
1722 2595 1916 2656 supra
1961 2575 2289 2655 puluinum
2340 2575 2699 2640 dormiens:
2761 2579 2830 2637 et
2872 2572 3148 2638 excitau-

553 2685 652 2744 tes
700 2696 840 2743 eum
891 2680 1187 2743 dixerunt
1233 2680 1324 2744 ei:
1395 2681 1720 2762 magister,
1769 2699 1893 2743 non
1942 2685 2042 2744 est
2087 2680 2206 2744 tibi
2254 2698 2428 2756 cura,
2490 2699 2564 2744 eo
2612 2678 2778 2761 quod
2826 2677 3149 2761 perimus?

549 2786 652 2849 20.
706 2784 792 2847 Et
837 2803 1153 2865 exurgens
1199 2785 1537 2865 imperauit
1585 2789 1776 2848 uento
1824 2787 1889 2846 et
1932 2783 2091 2847 mari
2140 2789 2207 2846 et
2250 2784 2368 2866 ait3
2416 2782 2846 2848 Ommutesce.
2894 2782 2983 2847 Et
3012 2799 3145 2846 ces·

546 2890 714 2953 sauit
762 2895 1013 2970 uentuS,
1060 2893 1125 2952 et
1170 2888 1339 2952 sacta
1383 2894 1485 2952 est
1529 2889 1971 2968 tranquillitas
2018 2907 2261 2968 magna.
2311 2891 2410 2954 40.
2450 2889 2754 2969 Dixitque
2786 2888 2948 2951 illis:
2998 2887 3147 2968 quid

549 2993 757 3057 timidi
804 2993 1007 3057 estis?
1054 2994 1332 3057 nondum
1382 2992 1548 3055 enim
1584 2992 1834 3057 habetis
1864 2991 2099 3056 fidem?
2148 2992 2233 3056 Et
2263 2993 2613 3057 timuerunt
2644 2992 2874 3056 timore
2900 3009 3145 3073 magno,

545 3101 611 3161 et
656 3098 737 3159 ad
785 3099 1060 3161 inuicem
1123 3096 1454 3160 dicebant:
1547 3096 1733 3173 Ecce,
1810 3097 2122 3176 quomodo
2191 3115 2365 3161 mare
2410 3102 2475 3161 et
2549 3097 2724 3161 uenti
2796 3095 3150 3161 obaudiunt

549 3220 712 3264 eum.

750 3406 843 3473 V.
899 3408 950 3471 l.
1002 3407 1085 3471 Et
1135 3412 1449 3471 uenerunt
1494 3412 1673 3471 trans
1719 3406 1949 3473 fretum
2003 3409 2064 3472 in
2132 3409 2457 3490 regionem
2528 3408 3015 3478 Gerasenorum.
3085 3412 3145 3477 2.

550 3517 824 3578 exeunte
873 3514 1013 3594 ipso
1062 3512 1139 3576 de
1186 3513 1504 3596 nauicula,
1552 3513 1841 3577 obuiauit
1887 3515 1945 3578 ei
1995 3515 2181 3578 homo
2228 3514 2306 3579 de
2350 3522 2779 3595 monumentO,
2852 3514 3145 3598 spiritum

544 3618 935 3683 immundum
984 3617 1248 3695 habens,
1297 3619 1357 3683 3.
1407 3623 1474 3682 et
1517 3617 1799 3682 habebat
1846 3617 2307 3684 habitationem
2355 3620 2417 3683 in
2464 3626 2890 3701 monumentO,
2941 3625 3005 3684 et
3037 3638 3145 3683 ne-

552 3743 674 3804 que
721 3723 966 3788 catenis
1014 3723 1137 3787 iam
1188 3723 1516 3803 quisquam
1588 3730 1846 3805 poterat
1892 3723 2109 3806 ligare,
2177 3726 2236 3789 4.
2311 3727 2462 3806 quia
2508 3743 2703 3807 saepe
2749 3726 2873 3790 iam
2924 3725 3146 3806 alliga-

554 3832 659 3893 tus
707 3828 1115 3910 compedibus
1162 3834 1227 3893 et
1273 3830 1536 3913 catenis,
1589 3828 1953 3910 disruperat
1998 3848 2036 3892 a
2082 3849 2151 3895 se
2199 3835 2458 3895 catenas
2504 3835 2570 3893 et
2615 3830 2950 3913 compedes
2996 3847 3145 3892 con-

548 3932 759 4013 fregit,
806 3937 905 3996 set
952 3950 1068 3996 nec
1130 3932 1460 4013 quisquam
1511 3932 1770 3996 ualebat
1815 3952 1956 3997 eum
2006 3935 2281 3999 domare.
2331 3937 2390 3999 ἴ).
2439 3934 2642 3998 Nocte
2688 3940 2900 4000 autem
2936 3952 3008 3997 ac
3039 3934 3147 3998 die

542 4038 606 4100 in
655 4037 976 4101 montibus
1025 4040 1091 4100 et
1140 4037 1564 4102 monumentis
1615 4040 1755 4101 erat
1802 4039 2083 4105 clamans
2130 4043 2196 4103 et
2218 4039 2537 4121 lapidibus
2583 4058 2652 4104 se
2701 4039 3030 4104 collidens.
3083 4039 3142 4102 6.

548 4138 792 4205 Uidens
840 4146 1051 4206 autem
1098 4162 1136 4205 a
1180 4142 1368 4222 longe
1415 4141 1658 4217 Jesum,
1732 4144 2022 4208 adcurrit
2067 4148 2132 4207 et
2177 4144 2472 4208 adorauit
2516 4162 2661 4208 eum
2727 4148 2794 4208 et
2863 4142 3144 4209 clamans

546 4263 702 4310 uoce
748 4265 975 4328 magna
1023 4246 1215 4311 dixit:
1268 4247 1322 4310 7.
1393 4246 1560 4324 Quid
1607 4246 1762 4311 mihi
1808 4253 1876 4311 et
1920 4247 2058 4326 tibi,
2106 4249 2283 4327 Jesu,
2334 4247 2421 4312 fili
2469 4248 2571 4312 dei
2620 4248 2934 4326 altissimi,
3003 4266 3143 4328 pre-

537 4369 643 4413 cor
676 4355 739 4415 te
772 4368 889 4432 per
919 4351 1129 4430 deum,
1156 4369 1234 4416 ne
1281 4370 1380 4414 me
1405 4356 1726 4431 torqueas.
1778 4354 1836 4417 8.
1889 4352 2154 4418 Dicebat
2186 4353 2354 4416 enim
2392 4352 2519 4418 illi:
2567 4352 2688 4418 Exi
2725 4353 2988 4435 spiritus
3024 4354 3136 4416 im·

542 4455 774 4519 munde
822 4454 1067 4520 dehoc
1114 4454 1391 4521 homine.
1483 4457 1543 4518 9.
1612 4454 1700 4519 Et
1771 4457 2214 4537 interrogabat
2260 4476 2438 4522 eum:
2509 4459 2675 4540 quod
2749 4458 2864 4521 tibi
2911 4475 3139 4520 nomen

541 4561 684 4623 est?
733 4560 814 4626 At
860 4560 968 4624 ille
1001 4562 1370 4643 respondit:
1420 4560 1585 4640 legio
1618 4579 1843 4625 nomen
1877 4573 1973 4625 est
2003 4562 2177 4640 mihi,
2227 4561 2378 4644 quia
2408 4562 2593 4627 multi
2627 4579 2864 4626 sumus.
2920 4563 3015 4626 10.
3053 4561 3140 4627 Et

542 4666 806 4744 rogabat
850 4684 996 4728 eum
1040 4666 1328 4742 multum,
1355 4682 1435 4728 ne
1480 4682 1622 4728 eum
1672 4665 2030 4746 expelleret
2059 4665 2228 4731 foras
2263 4666 2341 4730 de
2372 4666 2486 4729 illa
2517 4666 2794 4745 regione.
2846 4669 2945 4730 ll.
2980 4665 3142 4730 Erat

537 4776 745 4833 autem
796 4768 879 4834 ibi
928 4771 1104 4837 iuxta
1152 4774 1427 4833 montem
1460 4787 1611 4850 grex
1662 4787 1991 4851 porcorum
2039 4771 2458 4851 pascentium.
2516 4771 2614 4836 12.
2662 4769 2750 4834 Et
2796 4770 3137 4854 depraeca·
