3484 5617
278 506 340 562 G.
382 512 439 564 2.
1062 504 1447 574 {Euangelium
1487 505 1791 560 secundum
1827 505 2093 560 Marcum.
2785 509 2902 573 121

276 715 532 782 scribis
577 718 878 782 sedentes
924 720 990 780 et
1035 716 1389 798 cogitantes
1436 716 1500 781 in
1551 716 1851 781 cordibus
1899 716 2032 780 suis
2078 716 2401 780 dicentes:
2457 718 2513 780 7.
2565 715 2685 780 Hic
2742 717 2905 781 blas-

280 823 580 904 phemat.
633 821 788 898 Quis
821 825 1033 903 potest
1066 821 1388 886 dimittere
1422 826 1708 902 peccata,
1744 821 1868 884 nisi
1902 821 2075 886 solus
2123 820 2312 884 deus:
2361 821 2423 885 8.
2474 821 2611 897 Quo
2645 822 2903 900 cognito

276 924 495 990 ‚Iesus
539 927 601 990 in
636 926 887 1008 spiritu,
939 925 1090 1007 quid
1115 926 1473 1008 cogitarent
1518 924 1685 989 intra
1733 944 1821 1000 se,
1873 926 2033 989 dixit
2079 923 2239 988 illis:
2292 924 2445 1005 quid
2493 925 2789 1006 cogitatis
2840 927 2903 989 in

292 1031 613 1097 cordibus
659 1031 943 1097 uestris?
1012 1031 1162 1112 quid
1210 1034 1311 1095 est
1355 1029 1655 1095 facilius?
1723 1031 1938 1095 dicere
1984 1027 2372 1110 paralytico:
2445 1030 2714 1094 remissa
2760 1033 2911 1094 sunt

282 1141 570 1218 peccata
614 1141 746 1216 tua,
811 1138 923 1200 aut
971 1137 1212 1201 dicere:
1289 1134 1494 1215 Surge
1539 1139 1604 1200 et
1649 1134 1955 1198 ambula?
2036 1136 2131 1199 10.
2180 1134 2269 1199 Ut
2316 1136 2557 1219 sciatiS,
2606 1134 2901 1215 quoniam

286 1245 693 1323 potestatem
740 1240 932 1305 habet
976 1240 1147 1305 filius
1191 1239 1461 1304 hominis
1531 1238 1899 1304 remittendi
1963 1243 2246 1322 peccata,
2316 1239 2437 1314 (ait
2484 1239 2899 1322 paralytico):

279 1348 390 1409 11.
449 1344 673 1427 Surge,
724 1345 879 1410 tolle
924 1345 1299 1427 grabbatum
1348 1350 1413 1408 et
1458 1344 1624 1409 uade
1670 1343 1734 1407 in
1785 1346 2037 1408 domum
2082 1349 2272 1409 tuam.
2347 1346 2424 1407 12
2490 1344 2639 1425 Ipse
2686 1349 2901 1408 autem

278 1468 569 1531 surgens
614 1450 766 1514 tulit
811 1450 1169 1532 grabattum
1218 1467 1424 1514 coram
1472 1450 1765 1513 omnibus
1810 1453 1876 1512 et
1920 1448 2097 1522 abiit,
2178 1450 2269 1514 ita
2314 1454 2387 1513 ut
2432 1447 2738 1513 mirantes
2784 1447 2894 1513 ho-

282 1551 714 1617 norificarent
738 1556 944 1629 deum,
981 1554 1276 1635 quoniam
1308 1554 1528 1618 taliter
1560 1573 1683 1618 non
1715 1553 1876 1618 talia
1900 1553 2216 1618 uiderant.
2256 1555 2352 1618 13.
2379 1553 2464 1616 Et
2494 1554 2649 1618 exiit
2672 1554 2902 1618 iterum

277 1676 485 1722 secus
531 1677 725 1741 mare,
790 1659 1123 1741 omnisque
1169 1660 1360 1724 turba
1422 1659 1718 1723 ueniebat
1767 1658 1847 1722 ad
1895 1677 2035 1722 eum
2087 1663 2149 1723 et
2184 1656 2451 1722 docebat
2485 1676 2613 1723 eos.
2665 1659 2766 1722 14.
2818 1658 2902 1723 Et

279 1781 433 1826 cum
514 1765 896 1845 praeteriret
962 1765 1128 1828 uidit
1192 1764 1504 1829 Jacobum
1574 1762 1740 1828 Alfei
1813 1763 2139 1827 sedentem
2207 1761 2285 1826 ad
2332 1763 2649 1828 teloneum
2696 1766 2763 1826 et
2809 1763 2900 1827 ait

280 1866 422 1932 illi:
479 1885 748 1948 sequere
800 1888 916 1931 me.
965 1868 1050 1932 Et
1098 1887 1361 1950 surgens
1395 1874 1654 1933 secutus
1685 1875 1785 1932 est
1808 1886 1967 1932 eum.
1999 1869 2095 1933 15.
2123 1868 2207 1931 Et
2234 1866 2469 1931 factum
2494 1871 2594 1931 est
2626 1868 2898 1932 discum·

278 1970 594 2036 bentibus
646 1973 774 2038 illis
821 1974 886 2037 in
933 1973 1139 2051 domo,
1195 1974 1373 2037 multi
1424 1973 1747 2057 publicani
1797 1977 1863 2035 et
1907 1977 2278 2052 peccatores
2325 1971 2514 2036 simul
2562 1971 2898 2035 recumbe-

279 2075 449 2141 bant
500 2095 642 2140 cum
688 2075 846 2141 Jesu
895 2082 960 2140 et
1007 2061 1336 2157 discipulis
1385 2077 1557 2155 eius;
1635 2081 1820 2140 erant
1888 2077 2058 2140 enim
2126 2075 2308 2140 multi
2378 2076 2484 2157 qui
2556 2080 2621 2139 et
2689 2077 2892 2141 secuti

281 2185 446 2244 sunt
494 2198 658 2244 eum.
732 2184 825 2247 16.
875 2181 957 2245 Et
1006 2181 1259 2259 scribae
1302 2181 1791 2247 Pharisaeorum
1826 2187 1896 2244 ut
1944 2181 2246 2244 uiderunt
2292 2181 2587 2261 quoniam
2632 2181 2892 2244 mandu-

283 2291 394 2348 cat
447 2303 590 2349 cum
637 2286 1084 2366 peccatoribus
1131 2289 1196 2351 et
1240 2284 1617 2367 publicaniS‚
1691 2285 1992 2348 dicebant
2040 2284 2371 2366 discipulis
2419 2283 2624 2348 illius:
2695 2302 2894 2366 quare

283 2407 436 2452 cum
486 2390 841 2470 publicanis
888 2396 952 2455 et
978 2389 1417 2472 peccatoribus
1465 2386 1849 2453 manducat?
1902 2389 1999 2452 17.
2049 2388 2134 2451 Et
2180 2405 2319 2451 cum
2368 2388 2651 2453 audisset
2680 2388 2893 2465 JesuS‚

283 2496 415 2559 ait:
472 2512 592 2557 non
621 2501 812 2576 egent
855 2495 1056 2560 fortes
1104 2497 1404 2570 medicos,
1453 2494 1564 2558 sed
1612 2495 1720 2574 qui
1766 2494 1932 2556 male
1979 2491 2247 2570 habent3
2297 2511 2421 2555 non
2470 2494 2619 2556 ueni
2666 2512 2895 2558 uocare

287 2599 507 2662 iustos
552 2599 662 2663 sed
712 2605 1098 2679 peccatores.
1186 2602 1281 2665 18.
1358 2599 1445 2662 Et
1508 2601 1690 2662 erant
1736 2597 2036 2677 discipuli
2083 2588 2398 2661 Johannis
2445 2602 2511 2661 et
2555 2597 2884 2663 Pharisaei

290 2704 706 2780 ieiunantes;
772 2709 842 2767 et
905 2704 1175 2769 ueniunt
1234 2709 1300 2768 et
1362 2704 1580 2767 dicunt
1641 2702 1736 2767 ei:
1812 2720 2009 2783 quare
2056 2701 2354 2780 discipuli
2402 2701 2893 2767 Pharisaeorum

286 2812 353 2871 et
404 2806 721 2872 Johaunis
767 2809 1073 2886 ieiunant,
1123 2809 1215 2871 tui
1264 2812 1475 2871 autem
1524 2806 1822 2887 discipuli
1898 2826 2022 2870 non
2071 2804 2406 2870 ieiunant?
2498 2806 2597 2870 19.
2659 2804 2747 2870 Et
2807 2808 2898 2870 ait

283 2912 457 2977 illis:
506 2911 809 2992 numquid
859 2917 1125 2994 possunt
1156 2910 1270 2976 filii
1319 2912 1702 2993 nuptiarum,
1752 2911 2036 2991 quandiu
2084 2929 2224 2975 cum
2273 2910 2399 2974 illis
2455 2916 2555 2975 est
2598 2927 2890 2992 sponsuS‚
2993 2992 3002 3002 Ι

284 3018 580 3081 ieiunare
610 3018 641 3081 Ῥ
688 3017 787 3080 20.
837 3015 1120 3081 Uenient
1164 3017 1322 3095 dies,
1375 3035 1515 3080 cum
1564 3016 1901 3080 tolleretur
1968 3016 2048 3081 ab
2095 3016 2189 3080 eis
2237 3033 2533 3097 sponsuS‚
2603 3019 2668 3078 et
2735 3020 2889 3078 tunc

281 3122 666 3187 ieiunabunt
692 3122 753 3185 in
801 3119 931 3185 illis
976 3121 1223 3186 diebus.
1274 3123 1375 3186 21.
1403 3119 1604 3185 Nemo
1633 3121 2112 3185 commissuram
2145 3120 2336 3200 panni
2367 3121 2514 3184 noui
2550 3120 2755 3184 assuit
2778 3139 2885 3183 ue-

287 3227 597 3291 stimento
644 3224 872 3304 ueteri,
919 3226 1195 3308 alioquin
1246 3226 1417 3290 tollit
1463 3227 1975 3308 supplementum
2021 3243 2254 3289 nouum
2288 3242 2326 3288 a
2358 3229 2580 3289 uetere
2614 3229 2676 3288 et
2708 3225 2889 3307 peior

283 3329 360 3395 fit
410 3328 706 3395 scissura.
758 3332 859 3394 22.
910 3329 994 3397 Et
1040 3348 1223 3394 nemo
1269 3331 1466 3395 mittit
1512 3331 1731 3394 uinum
1777 3349 2016 3394 nouum
2062 3331 2129 3394 in
2176 3336 2356 3394 utres
2429 3336 2705 3406 uetereS‚
2777 3330 2890 3393 sed

286 3436 354 3499 in
404 3452 640 3519 nouos;
687 3434 970 3514 alioquin
1020 3436 1339 3516 dirumpet
1387 3441 1562 3500 utres
1612 3440 1679 3500 et
1725 3436 1941 3498 uinum
1989 3440 2055 3499 et
2099 3440 2274 3500 utres
2306 3434 2624 3516 peribunt.
2674 3436 2773 3498 23.
2806 3432 2893 3498 Et

283 3539 526 3604 factum
573 3543 671 3602 est
716 3556 855 3602 cum
903 3538 1187 3604 sabbatis
1233 3539 1591 3603 ambularet
1636 3558 1751 3621 per
1797 3545 2070 3621 segete8‚
2135 3537 2433 3619 discipuli
2481 3540 2618 3602 eius
2664 3556 2891 3618 coepe-

283 3649 447 3707 runt
488 3644 725 3707 uellere
773 3644 1002 3724 spicas.
1054 3646 1154 3707 24.
1204 3644 1531 3707 Pharisaei
1581 3651 1796 3709 autem
1844 3644 2139 3708 dicebant
2205 3643 2332 3706 illi:
2405 3662 2552 3708 ecce
2598 3642 2749 3723 quid
2797 3642 2889 3706 fa-

287 3750 467 3812 ciunt
499 3747 790 3828 discipuli
823 3747 920 3811 tui
954 3748 1254 3827 sabbatiS‚
1288 3749 1455 3829 quod
1489 3767 1611 3812 non
1646 3748 1882 3812 licebat
1926 3748 2020 3812 eis
2048 3748 2079 3811 Ῥ
2125 3748 2226 3811 25.
2278 3748 2363 3811 Et
2407 3749 2498 3812 ait
2530 3746 2696 3811 illis:
2746 3745 2889 3810 Non

286 3854 411 3916 hoc
455 3851 721 3932 legistiS,
757 3853 910 3933 quid
956 3851 1181 3918 fecerit
1226 3852 1456 3936 Dauid,
1495 3872 1634 3917 cum
1679 3852 2132 3918 necessitatem
2177 3851 2405 3916 habuit
2449 3856 2514 3915 et
2558 3852 2783 3916 esuriit
2824 3857 2889 3915 et

288 3956 398 4037 qui
445 3976 586 4022 cum
634 3957 743 4021 illo
790 3958 1029 4022 erant?
1090 3960 1191 4023 26.
1243 3957 1569 4033 Quomodo
1617 3957 1890 4021 intrauit
1937 3958 2001 4021 in
2048 3957 2301 4021 domum
2347 3957 2449 4020 dei
2498 3961 2565 4020 et
2624 3956 2886 4019 mandu-

287 4061 463 4126 cauit
510 4079 706 4143 panes
752 4063 1207 4144 propositionis
1270 4068 1335 4127 et
1383 4062 1559 4126 (ledit
1604 4062 1704 4127 his
1754 4064 1860 4144 qui
1911 4081 2053 4126 cum
2099 4063 2240 4142 ipso
2288 4065 2491 4137 erant,
2556 4077 2715 4141 quos
2760 4078 2888 4124 non

283 4163 525 4229 licebat
570 4167 953 4231 manducare
1019 4166 1144 4229 nisi
1214 4166 1369 4230 solis
1436 4166 1924 4231 sacerdotibus?
2015 4169 2116 4232 27.
2166 4165 2326 4229 Dico
2394 4164 2608 4229 autem
2677 4164 2885 4241 uobiS,

289 4270 441 4351 quia
489 4272 793 4336 sabbatus
836 4276 1098 4351 propter
1144 4270 1459 4335 hominem
1508 4271 1716 4335 factus
1766 4276 1882 4352 est,
1948 4289 2071 4335 non
2121 4269 2305 4333 homo
2354 4276 2615 4351 propter
2661 4270 2887 4333 sabba—

287 4382 444 4439 tum.
493 4376 592 4439 28.
644 4373 808 4451 Quia
856 4375 1145 4438 dominus
1194 4379 1294 4438 est
1338 4373 1507 4439 filius
1552 4375 1830 4439 hominis
1877 4376 2069 4439 etiam
2120 4373 2389 4438 sabbati.

497 4581 616 4648 111.
677 4588 728 4648 1.
776 4584 861 4648 Et
907 4601 1045 4647 cum
1095 4582 1425 4647 introisset
1468 4583 1699 4648 iterum
1748 4583 1810 4646 in
1859 4600 2268 4664 synagogam,
2336 4582 2516 4647 uenit
2576 4583 2657 4647 ad
2705 4581 2885 4645 illum

287 4687 473 4754 homo
521 4707 767 4753 manum
819 4690 1058 4753 aridam
1107 4686 1370 4752 habens.
1420 4687 1479 4751 2.
1527 4686 1613 4750 Et
1660 4687 2094 4752 obseruabant
2140 4706 2305 4769 eum,
2369 4689 2419 4752 si
2470 4687 2735 4752 sabbato
2775 4706 2883 4750 cu·

288 4799 480 4870 raret,
527 4800 598 4858 ut
640 4800 1017 4859 accusarent
1060 4792 1257 4859 illum.
1307 4796 1365 4858 3.
1419 4792 1502 4861 Et
1547 4793 1640 4856 ait
1685 4791 1922 4856 homini
1971 4793 2078 4874 qui
2126 4792 2404 4858 habebat
2449 4810 2702 4857 manum
2748 4792 2873 4856 ari·
