3484 5617
670 515 755 580 38
1426 511 1784 582 Euangelium
1827 512 2125 567 secundum
2163 511 2522 569 matthaeum.
3101 515 3160 570 C.
3198 521 3275 570 26.

673 722 951 804 procidit
1012 724 1075 788 in
1141 722 1365 789 faciem
1431 742 1630 798 suam,
1696 742 1887 789 orans
1950 729 2014 789 et
2059 725 2308 791 dicens:
2384 724 2582 789 Pater
2628 743 2827 803 menS,
2877 725 2931 790 si
2978 726 3280 806 possibile

678 833 799 908 est,
848 827 1126 894 transfer
1174 848 1209 892 a
1255 847 1355 893 me
1405 829 1666 893 calicem
1715 829 1941 908 istum;
1994 828 2107 893 sed
2155 833 2365 892 tamen
2418 848 2543 893 non
2592 829 2758 892 sicut
2802 846 2919 910 ego
2950 829 3123 909 u010‚
3173 831 3280 896 sed

678 933 847 998 sicut
890 938 960 998 tu
1007 932 1131 997 uiS.
1182 935 1284 999 40.
1333 932 1420 997 Et
1468 933 1646 997 uenit
1691 934 1773 999 ad
1807 933 2155 1014 discipulos
2188 951 2337 999 suos
2370 938 2435 999 et
2469 932 2716 999 inuenit
2747 950 2857 998 eos
2890 933 3281 1001 dormientes

678 1044 747 1102 et
792 1038 885 1103 ait
930 1039 1153 1103 Petro:
1203 1036 1297 1103 sic
1343 1058 1468 1102 non
1515 1038 1821 1119 potuistis
1854 1056 1980 1103 una
2010 1039 2174 1102 hora
2206 1038 2478 1118 uigilare
2511 1039 2805 1104 mecum?
2848 1041 2950 1105 41.
3000 1037 3282 1122 Uigilate

675 1149 742 1207 et
789 1148 986 1223 orate,
1035 1147 1107 1206 ut
1150 1162 1272 1209 non
1331 1143 1607 1207 ueniatis
1656 1142 1718 1207 in
1766 1142 2269 1224 temptationem.
2334 1143 2610 1225 Spiritus
2644 1143 2898 1224 quidem
2932 1151 3279 1227 promptus,

686 1268 833 1314 caro
882 1252 1091 1313 autem
1142 1248 1407 1313 infirma.
1479 1251 1581 1312 42.
1632 1249 1873 1314 Iterum
1921 1249 2200 1315 secundo
2247 1247 2406 1313 abiit
2450 1252 2517 1312 et
2548 1250 2761 1313 orauit
2793 1247 3044 1313 dicens:
3094 1248 3283 1315 Pater

681 1371 879 1437 meuS‚
927 1354 982 1419 si
1029 1372 1154 1418 non
1204 1359 1414 1435 potest
1460 1354 1580 1419 hoc
1625 1355 1919 1433 transire,
1990 1353 2115 1418 nisi
2163 1352 2321 1417 illud
2369 1353 2601 1432 bibam,
2649 1351 2761 1418 fiat
2805 1352 3109 1419 uoluntas
3157 1359 3280 1419 tua.
3387 1387 3388 1400 2

673 1460 779 1525 43.
829 1458 915 1524 Et
962 1459 1140 1522 uenit
1187 1459 1417 1523 iterum
1468 1463 1532 1522 et
1566 1459 1816 1523 inuenit
1847 1476 1955 1523 eos
1990 1458 2396 1537 dormienteS‚
2446 1462 2629 1523 erant
2661 1458 2830 1522 enim
2865 1459 3029 1524 oculi
3065 1477 3283 1523 eorum

677 1565 927 1645 grauati
973 1581 1011 1626 a
1056 1582 1293 1629 somno,
1360 1564 1461 1627 44.
1509 1564 1594 1627 Et
1641 1562 1884 1626 relictis
1933 1563 2080 1636 inis,
2132 1564 2363 1627 iterum
2430 1563 2589 1626 abiit
2635 1567 2702 1627 et
2745 1563 2962 1629 orauit
3008 1566 3281 1629 eundem

677 1686 1032 1733 sermonem
1097 1668 1331 1732 dicens.
1397 1670 1501 1733 45.
1564 1668 1738 1732 Tunc
1803 1668 1980 1731 uenit
2041 1666 2121 1731 ad
2183 1667 2529 1750 discipulos
2591 1686 2741 1732 suos
2803 1673 2869 1733 et
2915 1669 3071 1734 dicit
3124 1669 3277 1734 illis:

675 1774 973 1840 Dormite
1021 1773 1144 1836 iam
1196 1777 1260 1836 et
1304 1773 1711 1853 requiescite,
1787 1790 1934 1836 ecce
1983 1772 2396 1852 adpropiauit
2440 1772 2614 1850 hora,
2682 1778 2750 1837 et
2792 1770 2965 1838 filius
3009 1772 3277 1839 hominis
3389 1769 3390 1776 '

677 1879 954 1943 traditur
1000 1878 1061 1942 in
1112 1877 1404 1941 manibus
1451 1883 1876 1957 peccatorum.
1934 1879 2038 1941 46.
2089 1876 2344 1956 Surgite
2394 1896 2632 1955 eamuS‚
2681 1895 2829 1942 ecce
2874 1877 3277 1960 adpropiauit

677 1984 785 2064 qui
834 2002 933 2048 me
982 1982 1212 2046 tradet.
1259 1983 1363 2046 47.
1410 1981 1637 2046 Adhuc
1670 1981 1809 2062 ipso
1859 1980 2177 2060 loquente,
2227 1999 2374 2045 ecce
2408 1980 2611 2046 Judas
2646 1999 2809 2046 unus
2841 1982 2919 2046 de
2951 1982 3073 2047 XII
3111 1986 3274 2048 uenit

678 2093 743 2151 et
789 2106 926 2153 cum
990 2107 1064 2152 eo
1111 2087 1307 2152 turba
1351 2088 1551 2151 multa
1616 2105 1755 2152 cum
1821 2085 2047 2165 gladiis
2087 2089 2154 2149 et
2213 2085 2510 2164 fustibuS,
2573 2087 2751 2152 missi
2799 2105 2836 2150 a
2883 2088 3270 2169 principibus

678 2194 1083 2260 sacerdotum
1145 2197 1210 2256 et
1256 2191 1618 2256 senioribus
1664 2190 1890 2273 plebis,
1959 2192 2065 2256 48.
2115 2190 2237 2268 Qui
2288 2196 2492 2254 autem
2554 2191 2825 2257 tradidit
2871 2212 3034 2272 eum,
3112 2196 3269 2260 dedit

677 2298 804 2363 illis
834 2299 1084 2381 signum
1118 2296 1367 2361 dicens:
1420 2295 1891 2375 Quemcumque
1936 2296 2265 2359 osculatus
2299 2294 2500 2372 fuer-0,
2537 2298 2675 2377 ipse
2707 2302 2823 2379 est,
2872 2303 3085 2364 tenete
3120 2319 3262 2365 eum.

676 2404 781 2468 49.
828 2403 917 2467 Et
962 2399 1293 2465 confestim
1342 2400 1652 2465 accedens
1701 2400 1782 2463 ad
1832 2398 2053 2464 Jesum
2103 2399 2294 2464 dixit:
2369 2398 2549 2463 Habe
2595 2400 2794 2480 rabbi,
2842 2408 2910 2467 et
2956 2406 3258 2470 osculatus

680 2512 778 2573 est
821 2525 986 2571 eum.
1053 2507 1152 2571 50.
1206 2504 1511 2585 Dixitque
1557 2504 1652 2570 illi
1699 2503 1923 2569 Jesus:
1998 2504 2234 2587 Amice,
2286 2504 2366 2567 ad
2413 2505 2582 2585 quod
2629 2506 2913 2571 uenisti?
2959 2508 3132 2574 Tunc
3166 2530 3244 2574 ac-

679 2616 1006 2677 cesserunt
1051 2613 1116 2674 et
1156 2628 1386 2674 manus
1434 2610 1791 2674 iniecerunt
1823 2607 1886 2671 in
1918 2607 1954 2672 ‚J
1965 2625 2137 2671 esum
2173 2613 2237 2671 et
2269 2612 2614 2674 tenuerunt
2644 2629 2809 2674 eum.
2857 2611 2962 2677 51.
2994 2613 3080 2678 Et
3115 2632 3246 2693 ecte,

682 2736 840 2781 unus
888 2735 965 2780 ex
987 2714 1106 2789 his,
1160 2716 1267 2796 qui
1317 2719 1499 2779 erant
1546 2733 1684 2779 cum
1714 2712 1957 2796 Jesum,
2010 2714 2357 2777 extendens
2405 2732 2682 2793 manum,
2731 2715 2970 2782 exemit
3000 2717 3259 2799 gladium

679 2839 862 2887 suum
889 2824 954 2884 et
984 2819 1301 2900 percussit
1349 2838 1608 2884 seruum
1654 2817 1964 2901 principis
1998 2817 2400 2882 sacerdotnm
2435 2823 2500 2882 et
2533 2820 2892 2901 amputauit
2924 2822 3260 2887 auriculam

678 2933 834 2990 cius.
905 2924 1004 2988 52.
1067 2924 1244 2988 Tunc
1308 2926 1400 2988 ait
1460 2924 1554 2988 illi
1615 2922 1845 2987 Jesus:
1912 2920 2230 2986 Conuerte
2292 2921 2571 3003 gladium
2619 2928 2795 2989 tunm
2844 2928 2905 2991 in
2954 2926 3096 2992 loco
3147 2947 3265 2993 suo.

679 3027 914 3095 Omnes
976 3029 1162 3107 enim,
1211 3030 1320 3109 qui
1383 3027 1705 3110 accipiunt
1766 3028 2065 3108 gladium,
2129 3027 2343 3106 gladio
2407 3028 2723 3109 peribunt.
2796 3029 2896 3096 53.
2963 3033 3098 3098 Aut
3160 3053 3270 3098 non

678 3141 865 3218 putas
913 3152 1102 3216 posse
1165 3152 1264 3197 me
1325 3133 1509 3197 modo
1575 3150 1800 3212 rogare
1864 3137 2108 3214 patrem
2160 3150 2365 3195 meum
2438 3136 2505 3195 et
2566 3132 2845 3199 exibebit
2911 3137 3066 3201 mihi
3139 3139 3271 3221 plus

680 3260 866 3320 quam
914 3239 1038 3303 XII
1085 3237 1260 3301 milia
1306 3235 1592 3317 legiones
1640 3234 2060 3315 angelorum?
2120 3236 2220 3300 54.
2273 3234 2600 3311 Quomodo
2647 3255 2797 3318 ergo
2846 3239 3275 3321 implebuntur

681 3345 1039 3426 scripturae
1086 3340 1556 3423 prophetarum,
1607 3338 1758 3419 quia
1802 3338 1907 3403 hic
1953 3344 2207 3420 oportet
2250 3336 2436 3403 fieri?
2484 3342 2583 3406 55.
2634 3341 2707 3405 In
2756 3342 2867 3407 illa
2913 3345 3071 3410 hora
3122 3348 3277 3413 dixit

680 3451 874 3515 Jesns
921 3446 1163 3512 turbis:
1214 3445 1411 3521 Quasi
1461 3444 1541 3508 ad
1587 3443 1900 3507 latronem
1949 3442 2216 3507 uenistis
2265 3463 2403 3507 cum
2451 3444 2683 3525 gladiis
2717 3451 2783 3510 et
2813 3446 3093 3516 fustibus
3129 3472 3268 3519 con·

684 3553 1079 3636 prehendere
1124 3568 1257 3622 me3
1311 3548 1549 3612 cotidie
1599 3552 1755 3629 aput
1818 3566 1932 3613 uos
1981 3548 2277 3612 sedebam
2341 3550 2402 3612 in
2450 3549 2687 3630 templo
2737 3552 2989 3631 docens,
3039 3563 3108 3621 et
3154 3578 3273 3623 non

681 3679 781 3724 me
812 3657 1132 3723 tenuistis.
1180 3657 1283 3720 56.
1331 3652 1471 3717 Hoc
1503 3656 1712 3717 autem
1749 3657 1950 3717 totum
1981 3652 2218 3718 factum
2245 3661 2362 3733 est,
2397 3659 2467 3716 nt
2498 3653 2888 3735 impleantur
2917 3660 3277 3743 scripturae

682 3764 1170 3846 prophetarum:
1218 3759 1393 3823 Tunc
1441 3756 1740 3838 discipuli
1788 3774 2025 3838 omnes,
2074 3757 2299 3823 relicto
2346 3776 2442 3831 eo,
2491 3758 2832 3840 fugierunt.
2884 3764 2984 3828 57.
3035 3767 3135 3831 Ad
3189 3770 3280 3834 illi

682 3874 977 3935 tenentes
1012 3865 1254 3939 Jesum‚
1291 3863 1609 3927 duxerunt
1637 3862 1714 3925 ad
1753 3860 2021 3935 Castam,
2056 3862 2406 3944 principem
2442 3865 2864 3946 sacerdotum,
2896 3869 2999 3935 ubi
3033 3873 3281 3940 scribae

686 3979 752 4038 et
800 3973 1085 4038 seniores
1135 3970 1585 4034 conuenerant.
1652 3967 1755 4032 58.
1805 3966 2040 4030 Petrus
2104 3972 2315 4030 autem
2379 3966 2766 4049 sequebatur
2811 3992 2952 4038 eum
3008 3995 3046 4040 a
3091 3977 3280 4061 longe

685 4095 887 4159 usque
932 4077 996 4141 in
1041 4075 1274 4140 atrium
1323 4071 1630 4154 principis
1678 4071 2100 4135 sacerdotum.
2150 4071 2236 4135 Et
2270 4069 2603 4151 ingressus
2635 4074 2802 4142 intro
2834 4079 3105 4146 sedebat
3138 4103 3279 4148 cum

680 4181 1008 4256 ministris,
1048 4185 1120 4244 ut
1164 4177 1414 4242 uideret
1473 4172 1662 4238 finem
1722 4174 1838 4238 rei.
1914 4176 2015 4241 59.
2078 4175 2409 4257 Principes
2471 4183 2683 4244 autem
2745 4183 3147 4260 sacerdotum
3217 4197 3283 4255 et

681 4290 1047 4354 uniuersum
1094 4282 1428 4350 concilium
1477 4277 1870 4361 quaerebant
1915 4280 2145 4344 falsum
2190 4280 2628 4347 testimonium
2678 4291 2899 4352 contra
2933 4287 3179 4366 Jesum,
3211 4298 3283 4358 ut

682 4411 823 4459 eum
870 4390 1056 4456 morti
1101 4388 1455 4464 traderent,
1524 4385 1625 4450 60.
1689 4390 1754 4446 et
1800 4402 1922 4447 non
1969 4385 2371 4464 inuenerunt,
2443 4405 2583 4451 cum
2633 4389 2813 4455 multi
2881 4391 3025 4459 falsi
3072 4400 3279 4463 testes

684 4497 1124 4562 accessissent.
1172 4490 1538 4556 Nouissime
1585 4490 1798 4551 autem
1847 4492 2168 4553 uenerunt
2212 4486 2334 4551 duo
2382 4487 2528 4554 falsi
2577 4495 2776 4559 testes
2823 4501 2888 4560 et
2936 4498 3279 4568 dixerunt:

684 4602 1044 4666 audiuimus
1109 4598 1279 4661 hunc
1325 4593 1596 4658 dixisse:
1647 4594 1751 4658 61.
1802 4593 2067 4660 Possum
2116 4593 2449 4658 destruere
2496 4599 2801 4680 templum
2849 4602 2968 4669 hoc
3016 4606 3139 4685 dei,
3217 4613 3284 4672 et

687 4709 831 4787 post
875 4705 1088 4770 triduo
1133 4701 1293 4769 illud
1351 4693 1781 4765 reaedificare.
1855 4704 1955 4766 62.
2021 4701 2106 4764 Et
2153 4716 2422 4779 surgens
2491 4701 2785 4788 princeps
2869 4712 3281 4777 sacerdotum

684 4811 775 4877 ait
818 4809 942 4876 illi:
1014 4809 1185 4878 Nihil
1236 4812 1582 4893 respondes
1627 4810 1706 4875 ad
1755 4826 1847 4890 ea,
1914 4825 2075 4888 quae
2124 4810 2229 4873 isti
2281 4801 2623 4873 aduersum
2687 4818 2751 4876 te
2798 4814 3281 4881 testificantur?
