3484 5617
982 1509 1435 1597 (euangelium
1485 1511 1843 1580 secundum
1895 1510 2352 1593 matthaeum.)

570 1721 625 1788 1.
673 1758 762 1772 —m
805 1756 892 1772 ·-
938 1757 1021 1768 —
1086 1723 1162 1786 11
1212 1720 1578 1804 Babylonis.
1682 1723 1779 1785 12.
1828 1721 1916 1786 Et
1959 1725 2109 1803 post
2168 1721 2794 1804 transmigrationem
2843 1722 2961 1787 Ba·

353 1830 603 1911 bylonis
646 1828 947 1893 Jeconias
993 1826 1215 1909 genuit
1274 1825 1603 1892 Salathiel.
1698 1824 2008 1892 Salathiel
2061 1831 2274 1891 autem
2322 1827 2545 1908 genuit
2588 1824 2954 1893 Jerobabel.

358 1936 458 1999 13.
508 1931 853 1998 Jerobabel
916 1937 1128 1997 autem
1191 1932 1414 2011 genuit
1473 1930 1708 1995 Abiud.
1800 1930 2012 1995 Abiud
2077 1935 2287 1997 autem
2349 1932 2571 2014 genuit
2626 1930 2960 1997 Eliachim.

360 2041 456 2102 14.
504 2036 819 2103 Eliachim
857 2041 1068 2102 autem
1100 2037 1325 2117 genuit
1355 2036 1430 2101 A.
1467 2086 1481 2101 .
1517 2086 1531 2102 .
1567 2054 1646 2100 au
1684 2086 1696 2099 .
1734 2086 1749 2100 .
1785 2035 1921 2100 Ach
1958 2085 1971 2101 .
2008 2088 2022 2104 .
2074 2037 2173 2102 15.
2217 2036 2442 2117 genuit
2468 2035 2701 2100 Elium.
2749 2036 2962 2101 Elium

352 2148 565 2208 autem
611 2143 832 2223 genuit
876 2140 1168 2206 Eleazar.
1246 2141 1523 2205 Eleazar
1577 2145 1793 2205 autem
1854 2140 2080 2222 genuit
2124 2139 2443 2206 Matthan.
2526 2142 2625 2206 16.
2676 2139 2962 2206 Matthas

351 2252 565 2313 autem
611 2247 833 2328 genuit
879 2246 1099 2312 Jacob.
1147 2244 1351 2312 Jacob
1398 2250 1611 2320 autem
1659 2245 1884 2326 genuit
1933 2243 2195 2328 Joseph,
2246 2246 2347 2309 cui
2389 2246 2773 2327 desponsata
2821 2250 2964 2313 erat

353 2353 533 2435 uirgo
581 2351 805 2417 Maria.
877 2351 1080 2434 Uirgo
1129 2355 1336 2416 autem
1385 2349 1596 2417 Maria
1657 2350 1882 2432 genuit
1926 2351 2151 2416 Jesum
2195 2400 2209 2413 .
2261 2400 2278 2416 .
2329 2400 2343 2415 .
2410 2352 2506 2415 17.
2557 2349 2728 2431 Ergo
2774 2368 2963 2432 gene·

348 2458 634 2524 rationes
680 2459 760 2523 ab
803 2456 1123 2523 Abraham
1186 2474 1389 2537 usque
1449 2457 1531 2520 ad
1593 2455 1811 2521 Dauid
1872 2456 2321 2539 generationes
2383 2459 2534 2520 sunt
2577 2452 2789 2520 XIIII.
2875 2454 2965 2519 Et

354 2582 390 2625 a
436 2561 650 2627 Dauid
699 2580 900 2644 usque
930 2561 1011 2626 ad
1044 2562 1668 2642 transmigrationem
1700 2562 2048 2645 Babylonis
2078 2560 2523 2644 generationes
2571 2565 2719 2627 sunt
2749 2559 2958 2625 XIIII.

350 2666 435 2730 Et
504 2686 540 2730 a
609 2665 1170 2747 transmigratione
1253 2665 1601 2748 Babylonis
1679 2684 1884 2747 usque
1964 2667 2045 2732 ad
2117 2665 2441 2733 Christum
2517 2665 2962 2747 generationes

353 2773 502 2831 sunt
533 2769 745 2833 XIIII.
797 2768 1034 2834 Omnes
1067 2771 1284 2850 itaque
1315 2770 1768 2851 generationes
1799 2769 1880 2834 ab
1911 2770 2237 2834 Abraham
2285 2788 2487 2851 usque
2518 2770 2582 2834 in
2615 2769 2960 2835 aduentum

352 2871 510 2936 Jesu
561 2870 800 2959 Christi
849 2874 1297 2953 generationes
1329 2879 1479 2938 sunt
1509 2872 1709 2937 XLII.
1761 2871 2002 2938 Christi
2049 2877 2263 2939 autem
2295 2873 2623 2954 generatio
2671 2873 2763 2938 sic
2802 2878 2956 2938 erat.

354 2979 452 3041 18.
505 2975 662 3040 Cum
724 2982 896 3042 esset
959 2978 1347 3059 desponsata
1406 2983 1609 3042 mater
1642 2978 1784 3043 eius
1831 2977 2039 3042 Maria
2087 2977 2330 3060 Joseph
2371 3029 2383 3042 .
2423 3028 2436 3044 .
2480 3030 2491 3042 .
2667 2978 2734 3042 iu
2778 2981 2962 3043 utero

348 3078 596 3147 habens
643 3081 723 3145 de
769 3080 1018 3163 Spiritu
1068 3080 1318 3146 Sancto.
1394 3080 1639 3162 Joseph
1687 3085 1904 3147 autem
1968 3080 2069 3147 uir
2132 3083 2274 3147 eius
2333 3101 2474 3148 cum
2536 3087 2708 3149 esset
2774 3082 2961 3149 homo

348 3186 554 3252 iustus
629 3187 728 3251 19.
798 3189 864 3250 et
930 3184 1130 3251 nollet
1199 3203 1337 3250 eam
1406 3186 1770 3265 traducere,
1838 3185 2045 3251 uoluit
2112 3188 2312 3253 tacite
2376 3187 2549 3252 illam
2617 3187 2959 3254 dimittere.

348 3292 449 3357 20.
500 3288 681 3356 Haec
727 3307 804 3356 eo
851 3291 1189 3371 cogitante,
1232 3308 1380 3358 ecce
1425 3290 1692 3373 angelus
1739 3290 1977 3356 domiui
2025 3297 2296 3373 apparet
2345 3339 2624 3362 .....
2691 3290 2959 3357 Mariam

351 3397 680 3477 coniugem
745 3400 958 3472 tuam;
1037 3394 1206 3475 quod
1267 3395 1430 3460 enim
1494 3413 1569 3460 ex
1630 3413 1738 3479 ea⁸
1766 3396 2068 3474 nascitur,
2133 3395 2213 3460 de
2274 3395 2517 3477 Spiritu
2564 3394 2795 3461 Sancto
2841 3399 2957 3462 est.

347 3502 449 3566 21.
495 3499 712 3566 Pariet
756 3504 993 3580 autem,
1057 3504 1126 3565 et
1170 3499 1428 3565 uocabis
1490 3518 1720 3565 nomen
1769 3499 1909 3566 eius
1956 3500 2194 3568 Jesum.
2266 3500 2416 3583 Ipse
2478 3500 2647 3565 enim
2708 3499 2956 3566 saluum

343 3603 538 3671 faciet
593 3604 899 3688 populum
964 3622 1147 3670 suum
1212 3623 1251 3670 a
1310 3604 1591 3685 peccatis
1653 3624 1874 3669 eorum
1926 3653 2201 3670 .....
2271 3606 2373 3671 est
2435 3625 2475 3669 a
2536 3602 2791 3670 domino
2843 3621 2959 3686 per

342 3710 598 3775 Eseiam
643 3709 1017 3793 prophetam
1100 3707 1448 3775 dicentem:
1497 3711 1600 3774 22.
1646 3709 1818 3774 Ecce
1850 3710 2033 3791 uirgo
2064 3709 2128 3774 in
2159 3713 2343 3774 utero
2375 3707 2711 3789 concipiet,
2757 3710 2859 3775 23.
2892 3710 2961 3771 et

354 3813 562 3895 pariet
592 3811 810 3894 filium,
858 3815 1182 3880 noca-bunt
1211 3833 1440 3881 nomen
1475 3814 1611 3879 eius
1643 3814 2040 3892 Emmanuel,
2090 3813 2262 3895 quod
2292 3816 2392 3878 est
2422 3813 2955 3896 interpretatum:

349 3917 674 3984 nobiscum
742 3918 957 3985 deus.
1010 3969 1023 3983 .
1075 3970 1088 3984 .
1139 3969 1154 3985 .
1221 3919 1326 3985 24.
1391 3937 1428 3983 a
1474 3936 1693 3984 somno
1770 3917 1922 3985 fecit
1984 3918 2151 3983 sicut
2210 3918 2545 4001 praecepit
2589 3917 2649 3983 ei
2694 3916 2957 3999 angelus

343 4022 617 4103 domini3
695 4026 762 4088 et
805 4025 1052 4122 accepit
1097 4024 1426 4107 coniugem
1488 4042 1663 4090 suam
1732 4024 1834 4091 25.
1884 4028 1951 4089 et
1995 4042 2120 4089 non
2180 4023 2483 4105 cognouit
2527 4040 2689 4101 eam,
2754 4021 2957 4089 donec

344 4128 602 4210 peperit
646 4126 848 4193 filium
897 4133 963 4194 et
1010 4130 1274 4195 uocauit
1317 4147 1543 4195 nomen
1593 4130 1731 4195 eius
1772 4128 2012 4195 Jesum.

548 4336 644 4404 11.
717 4342 770 4404 1.
838 4339 996 4405 Cum
1068 4357 1216 4420 ergo
1292 4343 1481 4408 natus
1551 4343 1724 4405 esset
1787 4337 1976 4405 Jesus
2048 4338 2111 4401 in
2180 4336 2558 4403 Bethlehem
2629 4335 2954 4401 ciuitatem

338 4444 586 4512 Judeae
634 4446 699 4509 in
749 4445 972 4510 diebus
1018 4443 1295 4511 Herodis
1361 4443 1527 4526 regis
1578 4492 1853 4510 .....
1934 4443 2178 4512 oriente
2241 4446 2555 4508 uenerunt
2616 4442 2680 4507 in
2726 4440 2955 4506 Hiero-

339 4550 580 4632 solyma
627 4550 948 4615 dicentes:
1023 4554 1080 4616 2.
1132 4548 1259 4615 Ubi
1305 4553 1406 4615 est
1449 4550 1555 4630 qui
1606 4553 1794 4616 natus
1841 4554 1940 4615 est
1983 4567 2100 4615 rex
2144 4547 2586 4613 Judaeorum?
2661 4545 2955 4611 Uidimus

341 4655 505 4718 enIm
554 4654 807 4721 stellam
860 4655 1036 4720 illius
1082 4656 1148 4720 in
1196 4656 1503 4720 orientem
1553 4659 1618 4719 et
1665 4656 1958 4720 uenimus
2003 4654 2281 4719 adorare
2323 4670 2499 4717 eum.
2559 4653 2626 4717 3.
2673 4649 2956 4715 Audiens

354 4762 574 4824 autem
608 4778 718 4825 rex
752 4758 1053 4840 HerodiS,
1101 4760 1395 4826 turbatus
1441 4764 1542 4825 est
1571 4764 1637 4823 et
1667 4775 1884 4824 omnes
1928 4756 2368 4840 Hierosolyma
2403 4773 2541 4821 cum
2587 4753 2714 4820 illo.
2759 4756 2825 4828 4.
2866 4752 2955 4819 Et

2608 4895 2633 4944 1
