3484 5617
590 533 711 602 118
1367 524 1729 600 Euangelium
1771 524 2072 585 secundum
2108 525 2413 585 Lucanum.
3007 533 3064 587 O.
3101 536 3182 590 24.

585 759 781 827 meoS,
829 743 979 823 quia
1025 760 1142 823 ego
1189 759 1324 805 sum
1372 741 1544 823 ipse3
1615 741 1872 822 palpate
1919 745 1984 805 et
2031 740 2266 823 uidete,
2315 742 2467 822 quia
2514 743 2779 823 spiritus
2827 763 3078 809 carnem
3125 750 3186 811 et

583 866 731 913 ossa
774 865 901 909 non
945 845 1158 926 habet,
1208 847 1377 912 sieut
1422 863 1521 909 me
1569 845 1805 910 uidetis
1853 845 2108 908 habere.
2198 846 2301 908 41.
2355 845 2580 911 Adbuc
2626 852 2838 911 autem
2884 848 3015 912 illis
3061 867 3184 913 non

585 951 996 1017 credentibus
1042 957 1109 1016 et
1154 951 1530 1015 mirantibus
1607 969 1762 1031 prae
1836 949 2067 1030 gaudio
2144 950 2334 1015 dixit:
2414 949 2682 1015 Habetis
2756 951 3001 1034 aliquid
3065 952 3186 1035 hic,

585 1057 755 1136 quod
801 1056 1271 1121 manducetur?
1297 1056 1400 1118 42.
1432 1054 1528 1118 Ad
1576 1054 1671 1118 illi
1718 1054 2091 1136 optulerunt
2115 1056 2176 1119 ei
2222 1060 2465 1136 partem
2500 1055 2695 1136 piscis
2742 1074 2951 1120 assam
2999 1061 3065 1120 et
3112 1057 3190 1121 de

583 1160 748 1225 fabo.
839 1162 943 1226 43.
994 1162 1081 1225 Et
1148 1161 1536 1225 manducans
1614 1179 1825 1223 eoram
1876 1160 2033 1241 ipsis
2083 1161 2243 1224 dixit
2288 1161 2368 1224 ad
2416 1178 2565 1224 eos:
2656 1160 2762 1224 44.
2812 1159 2992 1225 Haec
3038 1166 3189 1227 sunt

585 1266 802 1344 uerba,
835 1256 1018 1346 'quae
1061 1265 1317 1330 loeutus
1366 1284 1503 1330 sum
1538 1266 1619 1329 ad
1654 1284 1789 1343 uOS‚
1840 1283 1979 1329 cum
2013 1264 2219 1329 adhuc
2252 1283 2458 1329 essem
2491 1264 2839 1348 uobiscum,
2888 1265 3191 1347 quoniam

584 1389 846 1435 neeesse
891 1376 993 1435 est
1037 1371 1319 1452 suppleri
1367 1371 1592 1445 omnia,
1670 1389 1834 1451 quae
1897 1369 2134 1452 scripta
2181 1375 2332 1435 sunt
2378 1371 2444 1434 in
2490 1370 2632 1451 lege
2681 1370 2886 1450 Moysi
2934 1377 3000 1434 et
3045 1389 3191 1451 pro-

584 1474 794 1553 phetis
840 1480 906 1539 et
952 1475 1213 1557 psalmis
1261 1477 1341 1539 de
1387 1494 1504 1538 me.
1568 1476 1671 1538 45.
1721 1475 1898 1538 Tune
1945 1476 2197 1556 aperuit
2242 1474 2371 1539 illis
2419 1493 2692 1552 sensum,
2741 1479 2812 1538 ut
2856 1474 3192 1556 intellege-

584 1585 728 1641 rent
774 1597 868 1659 ea,
931 1597 1095 1660 quae
1142 1579 1381 1660 scripta
1429 1584 1594 1644 sunt.
1686 1580 1790 1642 46.
1842 1578 1926 1642 Et
1977 1579 2136 1643 dixit
2183 1580 2308 1643 eis:
2390 1580 2683 1660 quoniam
2733 1579 2826 1644 sie
2874 1579 3187 1660 seriptum

584 1686 743 1746 estt·
771 1683 1091 1749 Christum
1140 1687 1271 1765 pati
1319 1689 1388 1749 et
1432 1702 1767 1764 resurgere
1799 1703 1837 1747 a
1867 1685 2153 1763 morluiS,
2201 1685 2305 1749 47.
2353 1689 2419 1748 et
2451 1684 2803 1765 praedicari
2832 1683 2894 1747 in
2930 1685 3189 1750 nomine

584 1788 723 1851 eius
798 1790 1253 1868 paenitentiam
1302 1796 1366 1853 et
1435 1791 1703 1854 remissa
1770 1794 2177 1871 peccatorum
2242 1790 2306 1852 in
2376 1788 2544 1852 omni
2612 1792 2804 1871 gente
2873 1789 3184 1871 incipien-

582 1891 753 1956 tibus
802 1888 880 1957 ab
931 1891 1397 1975 Hierosolyma.
1446 1896 1549 1960 48.
1596 1895 1731 1959 Uos
1780 1900 1993 1958 autem
2042 1896 2196 1958 estis
2241 1899 2444 1960 testes
2491 1893 2735 1958 horum.
2782 1894 2888 1957 49.
2936 1894 3022 1958 Et
3064 1912 3185 1975 ego

582 1997 765 2060 mitto
826 1996 1143 2077 promissa
1204 1999 1407 2079 patris
1456 1999 1577 2062 mei
1627 2000 1688 2062 in
1738 1998 1953 2081 uobis3
2032 2019 2145 2063 uos
2224 2005 2436 2064 autem
2513 1998 2732 2064 sedete
2810 1999 2873 2062 in
2924 1999 3189 2064 ciuitate

588 2100 1002 2181 quoadusque
1071 2102 1419 2167 induamini
1484 2102 1789 2168 uirtutem
1837 2104 1916 2167 ab
1966 2105 2112 2169 alto,
2177 2107 2280 2171 50.
2329 2104 2569 2168 Eduxit
2616 2108 2827 2167 autem
2875 2122 2984 2168 eos
3032 2102 3190 2168 foris

586 2208 648 2270 in
697 2206 1096 2284 Bethaniam,
1145 2210 1210 2269 et
1256 2207 1528 2271 eleuatis
1574 2209 1871 2271 inanibus
1918 2207 2050 2273 suis
2099 2209 2425 2272 benedixit
2470 2226 2597 2273 eos.
2650 2207 2751 2272 51.
2821 2207 2907 2272 Et
2950 2208 3188 2272 factum

583 2317 701 2388 est,
750 2310 897 2374 dum
943 2310 1270 2375 benedixit
1317 2311 1478 2389 illos„
1526 2314 1801 2377 recessit
1847 2315 1927 2377 ab
1976 2314 2087 2377 eis.
2146 2314 2244 2378 52.
2297 2313 2383 2376 Et
2429 2314 2550 2393 ipsi
2598 2312 2874 2393 regressi
2923 2316 3071 2376 sunt
3118 2313 3185 2376 in

582 2411 985 2480 Hierusalem
1032 2434 1174 2481 cum
1221 2417 1452 2497 gaudio
1500 2435 1746 2497 magno.
1823 2419 1924 2482 53.
1975 2418 2059 2481 Et
2105 2423 2289 2483 erant
2335 2435 2587 2498 semper
2655 2417 2717 2480 in
2761 2417 3000 2497 templo
3049 2418 3185 2481 lan-

585 2521 828 2586 dantes,

791 2624 1148 2691 Secundum
1203 2625 1433 2691 Lucan.
1485 2627 1766 2709 explicit.
1817 2628 2051 2711 Incipit
2096 2628 2441 2691 secundum
2497 2626 2804 2690 Marcum.
