<?xml version="1.0" encoding="UTF-8"?>
<!DOCTYPE html PUBLIC "-//W3C//DTD XHTML 1.0 Transitional//EN"
    "http://www.w3.org/TR/xhtml1/DTD/xhtml1-transitional.dtd">
<html xmlns="http://www.w3.org/1999/xhtml" xml:lang="en" lang="en">
 <head>
  <title>
</title>
<meta http-equiv="Content-Type" content="text/html;charset=utf-8" />
  <meta name='ocr-system' content='tesseract 3.04.00' />
  <meta name='ocr-capabilities' content='ocr_page ocr_carea ocr_par ocr_line ocrx_word'/>
</head>
<body>
  <div class='ocr_page' id='page_1' title='image "./codexveronensis01italgoog_0133.png"; bbox 0 0 3484 5617; ppageno 0'>
   <div class='ocr_carea' id='block_1_1' title="bbox 302 531 2906 608">
    <p class='ocr_par' dir='ltr' id='par_1_1' title="bbox 302 531 2906 608">
     <span class='ocr_line' id='line_1_1' title="bbox 302 531 2906 608; baseline 0.003 -20"><span class='ocrx_word' id='word_1_1' title='bbox 302 536 358 588; x_wconf 88' lang='lat' dir='ltr'>O.</span> <span class='ocrx_word' id='word_1_2' title='bbox 398 537 445 588; x_wconf 88' lang='lat'>3.</span> <span class='ocrx_word' id='word_1_3' title='bbox 1099 531 1459 606; x_wconf 82' lang='lat' dir='ltr'>Euangelium</span> <span class='ocrx_word' id='word_1_4' title='bbox 1501 533 1801 592; x_wconf 86' lang='lat' dir='ltr'>secundum</span> <span class='ocrx_word' id='word_1_5' title='bbox 1838 534 2102 592; x_wconf 83' lang='lat' dir='ltr'>Marcum.</span> <span class='ocrx_word' id='word_1_6' title='bbox 2785 543 2906 608; x_wconf 80' lang='lat'>123</span> 
     </span>
    </p>
   </div>
   <div class='ocr_carea' id='block_1_2' title="bbox 295 749 2909 1235">
    <p class='ocr_par' dir='ltr' id='par_1_2' title="bbox 295 749 2909 1235">
     <span class='ocr_line' id='line_1_2' title="bbox 308 749 2902 831; baseline 0.001 -20"><span class='ocrx_word' id='word_1_7' title='bbox 308 749 473 813; x_wconf 87' lang='lat' dir='ltr'>Ecce</span> <span class='ocrx_word' id='word_1_8' title='bbox 498 755 701 813; x_wconf 86' lang='lat' dir='ltr'>mater</span> <span class='ocrx_word' id='word_1_9' title='bbox 750 753 858 813; x_wconf 89' lang='lat' dir='ltr'>tua</span> <span class='ocrx_word' id='word_1_10' title='bbox 906 756 972 814; x_wconf 89' lang='lat' dir='ltr'>et</span> <span class='ocrx_word' id='word_1_11' title='bbox 1020 749 1253 813; x_wconf 79' lang='lat' dir='ltr'>fratres</span> <span class='ocrx_word' id='word_1_12' title='bbox 1298 754 1366 814; x_wconf 85' lang='lat' dir='ltr'>et</span> <span class='ocrx_word' id='word_1_13' title='bbox 1409 766 1661 814; x_wconf 87' lang='lat' dir='ltr'>sorores</span> <span class='ocrx_word' id='word_1_14' title='bbox 1693 755 1843 814; x_wconf 87' lang='lat' dir='ltr'>tuae</span> <span class='ocrx_word' id='word_1_15' title='bbox 1877 749 2034 814; x_wconf 85' lang='lat' dir='ltr'>foris</span> <span class='ocrx_word' id='word_1_16' title='bbox 2082 752 2256 813; x_wconf 81' lang='lat' dir='ltr'>stant</span> <span class='ocrx_word' id='word_1_17' title='bbox 2303 753 2681 829; x_wconf 86' lang='lat' dir='ltr'>qauerentes</span> <span class='ocrx_word' id='word_1_18' title='bbox 2727 749 2902 831; x_wconf 89' lang='lat' dir='ltr'>loqui</span> 
     </span>
     <span class='ocr_line' id='line_1_3' title="bbox 301 852 2908 936; baseline 0.001 -19"><span class='ocrx_word' id='word_1_19' title='bbox 301 859 533 920; x_wconf 91' lang='lat' dir='ltr'>tecum.</span> <span class='ocrx_word' id='word_1_20' title='bbox 590 856 692 920; x_wconf 84' lang='lat'>33.</span> <span class='ocrx_word' id='word_1_21' title='bbox 745 854 843 919; x_wconf 92' lang='lat' dir='ltr'>Ad</span> <span class='ocrx_word' id='word_1_22' title='bbox 875 855 1020 919; x_wconf 89' lang='lat' dir='ltr'>iller</span> <span class='ocrx_word' id='word_1_23' title='bbox 1055 854 1351 936; x_wconf 90' lang='lat' dir='ltr'>espondit</span> <span class='ocrx_word' id='word_1_24' title='bbox 1395 858 1460 919; x_wconf 89' lang='lat' dir='ltr'>et</span> <span class='ocrx_word' id='word_1_25' title='bbox 1490 855 1683 920; x_wconf 86' lang='lat' dir='ltr'><strong>dixit:</strong></span> <span class='ocrx_word' id='word_1_26' title='bbox 1735 856 1913 933; x_wconf 83' lang='lat' dir='ltr'>Quae</span> <span class='ocrx_word' id='word_1_27' title='bbox 1959 858 2059 919; x_wconf 87' lang='lat' dir='ltr'>est</span> <span class='ocrx_word' id='word_1_28' title='bbox 2101 858 2307 918; x_wconf 86' lang='lat' dir='ltr'>mater</span> <span class='ocrx_word' id='word_1_29' title='bbox 2352 854 2542 918; x_wconf 78' lang='lat' dir='ltr'>mea?</span> <span class='ocrx_word' id='word_1_30' title='bbox 2565 857 2633 919; x_wconf 90' lang='lat' dir='ltr'>et</span> <span class='ocrx_word' id='word_1_31' title='bbox 2676 852 2908 919; x_wconf 86' lang='lat' dir='ltr'>fratres</span> 
     </span>
     <span class='ocr_line' id='line_1_4' title="bbox 295 957 2907 1041; baseline 0 -19"><span class='ocrx_word' id='word_1_32' title='bbox 295 957 472 1022; x_wconf 79' lang='lat' dir='ltr'>mei?</span> <span class='ocrx_word' id='word_1_33' title='bbox 560 958 663 1024; x_wconf 88' lang='lat'>34.</span> <span class='ocrx_word' id='word_1_34' title='bbox 730 959 817 1023; x_wconf 88' lang='lat' dir='ltr'>Et</span> <span class='ocrx_word' id='word_1_35' title='bbox 862 958 1385 1040; x_wconf 80' lang='lat' dir='ltr'>circumspiciens</span> <span class='ocrx_word' id='word_1_36' title='bbox 1433 976 1568 1039; x_wconf 85' lang='grc'><strong>888,</strong></span> <span class='ocrx_word' id='word_1_37' title='bbox 1615 960 1724 1041; x_wconf 90' lang='lat' dir='ltr'>qui</span> <span class='ocrx_word' id='word_1_38' title='bbox 1772 958 1835 1022; x_wconf 91' lang='lat' dir='ltr'>in</span> <span class='ocrx_word' id='word_1_39' title='bbox 1882 957 2152 1035; x_wconf 84' lang='lat' dir='ltr'>circuitu</span> <span class='ocrx_word' id='word_1_40' title='bbox 2200 957 2526 1036; x_wconf 87' lang='lat' dir='ltr'>sedebant,</span> <span class='ocrx_word' id='word_1_41' title='bbox 2573 958 2703 1023; x_wconf 84' lang='lat' dir='ltr'>ait:</span> <span class='ocrx_word' id='word_1_42' title='bbox 2757 975 2907 1023; x_wconf 88' lang='lat' dir='ltr'>ecce</span> 
     </span>
     <span class='ocr_line' id='line_1_5' title="bbox 300 1062 2909 1145; baseline 0 -19"><span class='ocrx_word' id='word_1_43' title='bbox 300 1068 508 1128; x_wconf 86' lang='lat' dir='ltr'>mater</span> <span class='ocrx_word' id='word_1_44' title='bbox 552 1070 619 1128; x_wconf 88' lang='lat' dir='ltr'>et</span> <span class='ocrx_word' id='word_1_45' title='bbox 660 1063 894 1130; x_wconf 86' lang='lat' dir='ltr'>fratres</span> <span class='ocrx_word' id='word_1_46' title='bbox 940 1065 1083 1130; x_wconf 91' lang='lat' dir='ltr'>mei.</span> <span class='ocrx_word' id='word_1_47' title='bbox 1142 1065 1245 1129; x_wconf 82' lang='grc'><strong>35.</strong></span> <span class='ocrx_word' id='word_1_48' title='bbox 1295 1064 1419 1141; x_wconf 83' lang='lat' dir='ltr'>Qui</span> <span class='ocrx_word' id='word_1_49' title='bbox 1467 1063 1695 1128; x_wconf 86' lang='lat' dir='ltr'>fecerit</span> <span class='ocrx_word' id='word_1_50' title='bbox 1738 1063 2136 1127; x_wconf 88' lang='lat' dir='ltr'>uoluntatem</span> <span class='ocrx_word' id='word_1_51' title='bbox 2186 1063 2309 1145; x_wconf 86' lang='lat' dir='ltr'>dei,</span> <span class='ocrx_word' id='word_1_52' title='bbox 2354 1062 2459 1127; x_wconf 88' lang='lat' dir='ltr'>hic</span> <span class='ocrx_word' id='word_1_53' title='bbox 2507 1062 2659 1126; x_wconf 91' lang='lat' dir='ltr'>mihi</span> <span class='ocrx_word' id='word_1_54' title='bbox 2706 1062 2909 1127; x_wconf 84' lang='lat' dir='ltr'>frater</span> 
     </span>
     <span class='ocr_line' id='line_1_6' title="bbox 296 1173 1120 1235; baseline 0.002 -3"><span class='ocrx_word' id='word_1_55' title='bbox 296 1173 368 1232; x_wconf 91' lang='lat' dir='ltr'>et</span> <span class='ocrx_word' id='word_1_56' title='bbox 413 1187 594 1233; x_wconf 87' lang='lat' dir='ltr'>soror</span> <span class='ocrx_word' id='word_1_57' title='bbox 639 1173 704 1235; x_wconf 90' lang='lat' dir='ltr'>et</span> <span class='ocrx_word' id='word_1_58' title='bbox 750 1174 954 1234; x_wconf 80' lang='lat' dir='ltr'>mater</span> <span class='ocrx_word' id='word_1_59' title='bbox 1000 1173 1120 1234; x_wconf 91' lang='lat' dir='ltr'>est.</span> 
     </span>
    </p>
   </div>
   <div class='ocr_carea' id='block_1_3' title="bbox 290 1377 2992 4919">
    <p class='ocr_par' dir='ltr' id='par_1_3' title="bbox 290 1377 2992 4919">
     <span class='ocr_line' id='line_1_7' title="bbox 508 1377 2898 1461; baseline 0 -21"><span class='ocrx_word' id='word_1_60' title='bbox 508 1377 613 1441; x_wconf 94' lang='lat' dir='ltr'>IV.</span> <span class='ocrx_word' id='word_1_61' title='bbox 672 1381 724 1442; x_wconf 92' lang='lat'>1.</span> <span class='ocrx_word' id='word_1_62' title='bbox 773 1378 859 1442; x_wconf 89' lang='lat' dir='ltr'>Et</span> <span class='ocrx_word' id='word_1_63' title='bbox 906 1378 1115 1461; x_wconf 89' lang='lat' dir='ltr'>coepit</span> <span class='ocrx_word' id='word_1_64' title='bbox 1163 1379 1392 1443; x_wconf 84' lang='lat' dir='ltr'>iterum</span> <span class='ocrx_word' id='word_1_65' title='bbox 1442 1379 1669 1444; x_wconf 89' lang='lat' dir='ltr'>docere</span> <span class='ocrx_word' id='word_1_66' title='bbox 1715 1378 1798 1443; x_wconf 85' lang='lat' dir='ltr'>ad</span> <span class='ocrx_word' id='word_1_67' title='bbox 1847 1396 2066 1455; x_wconf 86' lang='lat' dir='ltr'>mare;</span> <span class='ocrx_word' id='word_1_68' title='bbox 2137 1382 2201 1442; x_wconf 93' lang='lat' dir='ltr'>et</span> <span class='ocrx_word' id='word_1_69' title='bbox 2247 1381 2630 1460; x_wconf 89' lang='lat' dir='ltr'>congregata</span> <span class='ocrx_word' id='word_1_70' title='bbox 2675 1382 2773 1442; x_wconf 86' lang='lat' dir='ltr'>est</span> <span class='ocrx_word' id='word_1_71' title='bbox 2817 1378 2898 1441; x_wconf 87' lang='lat' dir='ltr'>ad</span> 
     </span>
     <span class='ocr_line' id='line_1_8' title="bbox 290 1482 2898 1565; baseline 0 -19"><span class='ocrx_word' id='word_1_72' title='bbox 290 1501 443 1546; x_wconf 81' lang='lat' dir='ltr'>eum</span> <span class='ocrx_word' id='word_1_73' title='bbox 489 1484 680 1547; x_wconf 89' lang='lat' dir='ltr'>turba</span> <span class='ocrx_word' id='word_1_74' title='bbox 726 1483 948 1562; x_wconf 88' lang='lat' dir='ltr'>multa,</span> <span class='ocrx_word' id='word_1_75' title='bbox 999 1485 1090 1547; x_wconf 87' lang='lat' dir='ltr'>ita</span> <span class='ocrx_word' id='word_1_76' title='bbox 1136 1490 1208 1548; x_wconf 91' lang='lat' dir='ltr'>ut</span> <span class='ocrx_word' id='word_1_77' title='bbox 1253 1485 1318 1547; x_wconf 89' lang='lat' dir='ltr'>in</span> <span class='ocrx_word' id='word_1_78' title='bbox 1365 1501 1591 1547; x_wconf 89' lang='lat' dir='ltr'>nauem</span> <span class='ocrx_word' id='word_1_79' title='bbox 1638 1483 1995 1548; x_wconf 88' lang='lat' dir='ltr'>ascendens</span> <span class='ocrx_word' id='word_1_80' title='bbox 2042 1482 2298 1548; x_wconf 91' lang='lat' dir='ltr'>sederet</span> <span class='ocrx_word' id='word_1_81' title='bbox 2341 1483 2420 1547; x_wconf 87' lang='lat' dir='ltr'>ad</span> <span class='ocrx_word' id='word_1_82' title='bbox 2469 1482 2642 1558; x_wconf 83' lang='lat' dir='ltr'>litus,</span> <span class='ocrx_word' id='word_1_83' title='bbox 2690 1482 2898 1565; x_wconf 86' lang='lat' dir='ltr'>adque</span> 
     </span>
     <span class='ocr_line' id='line_1_9' title="bbox 290 1585 2899 1669; baseline -0 -18"><span class='ocrx_word' id='word_1_84' title='bbox 290 1586 506 1652; x_wconf 81' lang='lat' dir='ltr'>omnis</span> <span class='ocrx_word' id='word_1_85' title='bbox 551 1588 740 1652; x_wconf 78' lang='lat' dir='ltr'>turba</span> <span class='ocrx_word' id='word_1_86' title='bbox 787 1588 852 1651; x_wconf 89' lang='grc'>111</span> <span class='ocrx_word' id='word_1_87' title='bbox 902 1588 1120 1653; x_wconf 87' lang='lat' dir='ltr'>littore</span> <span class='ocrx_word' id='word_1_88' title='bbox 1168 1594 1350 1669; x_wconf 82' lang='lat' dir='ltr'>erat3</span> <span class='ocrx_word' id='word_1_89' title='bbox 1429 1590 1489 1652; x_wconf 83' lang='lat'>2.</span> <span class='ocrx_word' id='word_1_90' title='bbox 1539 1592 1604 1652; x_wconf 90' lang='lat' dir='ltr'>et</span> <span class='ocrx_word' id='word_1_91' title='bbox 1648 1587 1921 1653; x_wconf 91' lang='lat' dir='ltr'>docebat</span> <span class='ocrx_word' id='word_1_92' title='bbox 1965 1604 2073 1651; x_wconf 91' lang='lat' dir='ltr'>eos</span> <span class='ocrx_word' id='word_1_93' title='bbox 2120 1586 2184 1650; x_wconf 92' lang='lat' dir='ltr'>in</span> <span class='ocrx_word' id='word_1_94' title='bbox 2232 1585 2761 1652; x_wconf 82' lang='lat' dir='ltr'>similitudinibus</span> <span class='ocrx_word' id='word_1_95' title='bbox 2807 1585 2899 1650; x_wconf 90' lang='lat' dir='ltr'>di·</span> 
     </span>
     <span class='ocr_line' id='line_1_10' title="bbox 290 1692 2894 1771; baseline -0.001 -13"><span class='ocrx_word' id='word_1_96' title='bbox 290 1711 479 1758; x_wconf 85' lang='lat' dir='ltr'>cens:</span> <span class='ocrx_word' id='word_1_97' title='bbox 534 1695 592 1758; x_wconf 87' lang='lat'>3.</span> <span class='ocrx_word' id='word_1_98' title='bbox 644 1693 877 1769; x_wconf 87' lang='lat' dir='ltr'>audite,</span> <span class='ocrx_word' id='word_1_99' title='bbox 943 1711 1091 1756; x_wconf 91' lang='lat' dir='ltr'>ecce</span> <span class='ocrx_word' id='word_1_100' title='bbox 1138 1695 1338 1758; x_wconf 86' lang='lat' dir='ltr'>exiuit</span> <span class='ocrx_word' id='word_1_101' title='bbox 1388 1692 1738 1757; x_wconf 85' lang='lat' dir='ltr'>seminator</span> <span class='ocrx_word' id='word_1_102' title='bbox 1786 1693 2125 1757; x_wconf 87' lang='lat' dir='ltr'>seminare.</span> <span class='ocrx_word' id='word_1_103' title='bbox 2171 1693 2232 1756; x_wconf 88' lang='lat'>4.</span> <span class='ocrx_word' id='word_1_104' title='bbox 2280 1692 2367 1756; x_wconf 87' lang='lat' dir='ltr'>Et</span> <span class='ocrx_word' id='word_1_105' title='bbox 2414 1711 2551 1757; x_wconf 90' lang='lat' dir='ltr'>cum</span> <span class='ocrx_word' id='word_1_106' title='bbox 2601 1692 2894 1771; x_wconf 83' lang='lat' dir='ltr'>seminat,</span> 
     </span>
     <span class='ocr_line' id='line_1_11' title="bbox 293 1795 2897 1877; baseline 0 -16"><span class='ocrx_word' id='word_1_107' title='bbox 293 1796 460 1861; x_wconf 87' lang='lat' dir='ltr'>aliut</span> <span class='ocrx_word' id='word_1_108' title='bbox 505 1797 738 1862; x_wconf 87' lang='lat' dir='ltr'>cecidit</span> <span class='ocrx_word' id='word_1_109' title='bbox 783 1799 953 1862; x_wconf 83' lang='lat' dir='ltr'>circa</span> <span class='ocrx_word' id='word_1_110' title='bbox 998 1799 1196 1877; x_wconf 86' lang='lat' dir='ltr'>uiam,</span> <span class='ocrx_word' id='word_1_111' title='bbox 1247 1802 1312 1862; x_wconf 89' lang='lat' dir='ltr'>et</span> <span class='ocrx_word' id='word_1_112' title='bbox 1356 1800 1672 1863; x_wconf 86' lang='lat' dir='ltr'>uenerunt</span> <span class='ocrx_word' id='word_1_113' title='bbox 1746 1815 1900 1861; x_wconf 82' lang='lat' dir='ltr'>aues</span> <span class='ocrx_word' id='word_1_114' title='bbox 1974 1801 2039 1861; x_wconf 91' lang='lat' dir='ltr'>et</span> <span class='ocrx_word' id='word_1_115' title='bbox 2106 1795 2651 1863; x_wconf 87' lang='lat' dir='ltr'>manducauerunt</span> <span class='ocrx_word' id='word_1_116' title='bbox 2715 1796 2897 1862; x_wconf 92' lang='lat' dir='ltr'>illud.</span> 
     </span>
     <span class='ocr_line' id='line_1_12' title="bbox 294 1902 2900 1985; baseline 0.001 -18"><span class='ocrx_word' id='word_1_117' title='bbox 294 1903 358 1967; x_wconf 80' lang='lat'>5.</span> <span class='ocrx_word' id='word_1_118' title='bbox 411 1902 604 1966; x_wconf 89' lang='lat' dir='ltr'>Aliud</span> <span class='ocrx_word' id='word_1_119' title='bbox 653 1902 884 1967; x_wconf 88' lang='lat' dir='ltr'>cecidit</span> <span class='ocrx_word' id='word_1_120' title='bbox 929 1920 1123 1983; x_wconf 84' lang='lat' dir='ltr'>supra</span> <span class='ocrx_word' id='word_1_121' title='bbox 1168 1908 1445 1985; x_wconf 85' lang='lat' dir='ltr'>petrosa,</span> <span class='ocrx_word' id='word_1_122' title='bbox 1525 1908 1590 1966; x_wconf 88' lang='lat' dir='ltr'>et</span> <span class='ocrx_word' id='word_1_123' title='bbox 1634 1902 1786 1983; x_wconf 86' lang='lat' dir='ltr'>quia</span> <span class='ocrx_word' id='word_1_124' title='bbox 1831 1920 1957 1967; x_wconf 91' lang='lat' dir='ltr'>non</span> <span class='ocrx_word' id='word_1_125' title='bbox 2001 1902 2285 1966; x_wconf 86' lang='lat' dir='ltr'>habebat</span> <span class='ocrx_word' id='word_1_126' title='bbox 2331 1907 2565 1967; x_wconf 88' lang='lat' dir='ltr'>terram</span> <span class='ocrx_word' id='word_1_127' title='bbox 2610 1902 2900 1983; x_wconf 85' lang='lat' dir='ltr'>multam,</span> 
     </span>
     <span class='ocr_line' id='line_1_13' title="bbox 293 2006 2896 2088; baseline 0.002 -19"><span class='ocrx_word' id='word_1_128' title='bbox 293 2011 588 2071; x_wconf 86' lang='lat' dir='ltr'>exortum</span> <span class='ocrx_word' id='word_1_129' title='bbox 638 2012 755 2084; x_wconf 70' lang='lat' dir='ltr'>est,</span> <span class='ocrx_word' id='word_1_130' title='bbox 824 2012 890 2071; x_wconf 91' lang='lat' dir='ltr'>et</span> <span class='ocrx_word' id='word_1_131' title='bbox 958 2007 1083 2072; x_wconf 85' lang='lat' dir='ltr'>cito</span> <span class='ocrx_word' id='word_1_132' title='bbox 1152 2009 1356 2072; x_wconf 86' lang='lat' dir='ltr'>arruit</span> <span class='ocrx_word' id='word_1_133' title='bbox 1401 2008 1479 2071; x_wconf 87' lang='lat' dir='ltr'>ab</span> <span class='ocrx_word' id='word_1_134' title='bbox 1528 2013 1731 2082; x_wconf 90' lang='lat' dir='ltr'>aestu,</span> <span class='ocrx_word' id='word_1_135' title='bbox 1800 2007 1948 2088; x_wconf 89' lang='lat' dir='ltr'>quia</span> <span class='ocrx_word' id='word_1_136' title='bbox 1993 2024 2121 2070; x_wconf 89' lang='lat' dir='ltr'>non</span> <span class='ocrx_word' id='word_1_137' title='bbox 2166 2006 2445 2073; x_wconf 85' lang='lat' dir='ltr'>habebat</span> <span class='ocrx_word' id='word_1_138' title='bbox 2489 2006 2788 2071; x_wconf 90' lang='lat' dir='ltr'>radicem.</span> <span class='ocrx_word' id='word_1_139' title='bbox 2839 2008 2896 2073; x_wconf 83' lang='lat'>7.</span> 
     </span>
     <span class='ocr_line' id='line_1_14' title="bbox 296 2109 2901 2193; baseline 0 -19"><span class='ocrx_word' id='word_1_140' title='bbox 296 2111 492 2174; x_wconf 88' lang='lat' dir='ltr'>Aliud</span> <span class='ocrx_word' id='word_1_141' title='bbox 567 2111 799 2175; x_wconf 85' lang='lat' dir='ltr'>cecidit</span> <span class='ocrx_word' id='word_1_142' title='bbox 867 2130 1059 2193; x_wconf 85' lang='lat' dir='ltr'>supra</span> <span class='ocrx_word' id='word_1_143' title='bbox 1105 2113 1343 2192; x_wconf 84' lang='lat' dir='ltr'>spinas,</span> <span class='ocrx_word' id='word_1_144' title='bbox 1419 2118 1486 2177; x_wconf 87' lang='lat' dir='ltr'>et</span> <span class='ocrx_word' id='word_1_145' title='bbox 1550 2112 1977 2178; x_wconf 87' lang='lat' dir='ltr'>ascenderunt</span> <span class='ocrx_word' id='word_1_146' title='bbox 2022 2112 2243 2193; x_wconf 86' lang='lat' dir='ltr'>spinae</span> <span class='ocrx_word' id='word_1_147' title='bbox 2289 2121 2355 2175; x_wconf 91' lang='lat' dir='ltr'>et</span> <span class='ocrx_word' id='word_1_148' title='bbox 2422 2109 2901 2177; x_wconf 85' lang='lat' dir='ltr'>suffocauerunt</span> 
     </span>
     <span class='ocr_line' id='line_1_15' title="bbox 295 2215 2896 2283; baseline 0.001 -4"><span class='ocrx_word' id='word_1_149' title='bbox 295 2234 444 2279; x_wconf 92' lang='lat' dir='ltr'>eum</span> <span class='ocrx_word' id='word_1_150' title='bbox 491 2220 557 2279; x_wconf 88' lang='lat' dir='ltr'>et</span> <span class='ocrx_word' id='word_1_151' title='bbox 601 2215 878 2279; x_wconf 89' lang='lat' dir='ltr'>fructum</span> <span class='ocrx_word' id='word_1_152' title='bbox 928 2235 1050 2279; x_wconf 92' lang='lat' dir='ltr'>non</span> <span class='ocrx_word' id='word_1_153' title='bbox 1098 2217 1293 2281; x_wconf 81' lang='lat' dir='ltr'>dedit.</span> <span class='ocrx_word' id='word_1_154' title='bbox 1364 2218 1423 2283; x_wconf 86' lang='grc'><strong>8.</strong></span> <span class='ocrx_word' id='word_1_155' title='bbox 1472 2218 1563 2282; x_wconf 85' lang='lat' dir='ltr'>Et</span> <span class='ocrx_word' id='word_1_156' title='bbox 1608 2218 1769 2282; x_wconf 86' lang='lat' dir='ltr'>aliut</span> <span class='ocrx_word' id='word_1_157' title='bbox 1817 2217 2047 2281; x_wconf 89' lang='lat' dir='ltr'>cecidit</span> <span class='ocrx_word' id='word_1_158' title='bbox 2092 2217 2155 2280; x_wconf 93' lang='lat' dir='ltr'>in</span> <span class='ocrx_word' id='word_1_159' title='bbox 2227 2221 2457 2281; x_wconf 78' lang='lat' dir='ltr'>terram</span> <span class='ocrx_word' id='word_1_160' title='bbox 2530 2217 2759 2282; x_wconf 82' lang='lat' dir='ltr'>bonam</span> <span class='ocrx_word' id='word_1_161' title='bbox 2831 2222 2896 2281; x_wconf 91' lang='lat' dir='ltr'>et</span> 
     </span>
     <span class='ocr_line' id='line_1_16' title="bbox 295 2320 2897 2388; baseline 0.001 -4"><span class='ocrx_word' id='word_1_162' title='bbox 295 2321 410 2384; x_wconf 87' lang='lat' dir='ltr'>dat</span> <span class='ocrx_word' id='word_1_163' title='bbox 454 2320 730 2384; x_wconf 85' lang='lat' dir='ltr'>fructum</span> <span class='ocrx_word' id='word_1_164' title='bbox 800 2322 1250 2386; x_wconf 78' lang='lat' dir='ltr'>ascendentem</span> <span class='ocrx_word' id='word_1_165' title='bbox 1316 2329 1380 2388; x_wconf 92' lang='lat' dir='ltr'>et</span> <span class='ocrx_word' id='word_1_166' title='bbox 1426 2323 1884 2387; x_wconf 84' lang='lat' dir='ltr'>increscentem</span> <span class='ocrx_word' id='word_1_167' title='bbox 1935 2329 2001 2386; x_wconf 90' lang='lat' dir='ltr'>et</span> <span class='ocrx_word' id='word_1_168' title='bbox 2048 2320 2295 2387; x_wconf 86' lang='lat' dir='ltr'>adferet</span> <span class='ocrx_word' id='word_1_169' title='bbox 2340 2340 2536 2386; x_wconf 91' lang='lat' dir='ltr'>unum</span> <span class='ocrx_word' id='word_1_170' title='bbox 2583 2321 2779 2386; x_wconf 89' lang='lat' dir='ltr'><strong>XXX.</strong></span> <span class='ocrx_word' id='word_1_171' title='bbox 2833 2325 2897 2386; x_wconf 92' lang='lat' dir='ltr'>et</span> 
     </span>
     <span class='ocr_line' id='line_1_17' title="bbox 297 2425 2897 2504; baseline 0 -13"><span class='ocrx_word' id='word_1_172' title='bbox 297 2445 495 2491; x_wconf 88' lang='lat' dir='ltr'>unum</span> <span class='ocrx_word' id='word_1_173' title='bbox 540 2426 671 2490; x_wconf 90' lang='lat' dir='ltr'>LX.</span> <span class='ocrx_word' id='word_1_174' title='bbox 721 2432 786 2490; x_wconf 87' lang='lat' dir='ltr'>et</span> <span class='ocrx_word' id='word_1_175' title='bbox 830 2446 1023 2492; x_wconf 90' lang='lat' dir='ltr'>unum</span> <span class='ocrx_word' id='word_1_176' title='bbox 1072 2428 1548 2492; x_wconf 88' lang='lat' dir='ltr'>centensimum.</span> <span class='ocrx_word' id='word_1_177' title='bbox 1596 2431 1653 2494; x_wconf 86' lang='grc'><strong>9.</strong></span> <span class='ocrx_word' id='word_1_178' title='bbox 1703 2429 1789 2493; x_wconf 91' lang='grc' dir='ltr'>Ε1</span> <span class='ocrx_word' id='word_1_179' title='bbox 1837 2428 2121 2492; x_wconf 84' lang='lat' dir='ltr'>dicebat:</span> <span class='ocrx_word' id='word_1_180' title='bbox 2172 2427 2295 2504; x_wconf 82' lang='lat' dir='ltr'>Qui</span> <span class='ocrx_word' id='word_1_181' title='bbox 2343 2425 2536 2491; x_wconf 86' lang='lat' dir='ltr'>habet</span> <span class='ocrx_word' id='word_1_182' title='bbox 2567 2446 2752 2491; x_wconf 86' lang='lat' dir='ltr'>aures</span> <span class='ocrx_word' id='word_1_183' title='bbox 2785 2445 2897 2491; x_wconf 86' lang='lat' dir='ltr'>au-</span> 
     </span>
     <span class='ocr_line' id='line_1_18' title="bbox 293 2530 2895 2615; baseline 0 -23"><span class='ocrx_word' id='word_1_184' title='bbox 293 2531 514 2595; x_wconf 91' lang='lat' dir='ltr'>diendi</span> <span class='ocrx_word' id='word_1_185' title='bbox 564 2531 818 2608; x_wconf 83' lang='lat' dir='ltr'>audiat3</span> <span class='ocrx_word' id='word_1_186' title='bbox 868 2536 935 2594; x_wconf 87' lang='lat' dir='ltr'>et</span> <span class='ocrx_word' id='word_1_187' title='bbox 982 2532 1363 2613; x_wconf 86' lang='lat' dir='ltr'>intellegens</span> <span class='ocrx_word' id='word_1_188' title='bbox 1410 2532 1762 2615; x_wconf 89' lang='lat' dir='ltr'>intellegat.</span> <span class='ocrx_word' id='word_1_189' title='bbox 1841 2532 1937 2596; x_wconf 90' lang='grc'>10.</span> <span class='ocrx_word' id='word_1_190' title='bbox 1988 2530 2074 2594; x_wconf 90' lang='grc' dir='ltr'>Ε1</span> <span class='ocrx_word' id='word_1_191' title='bbox 2120 2550 2263 2595; x_wconf 91' lang='lat' dir='ltr'>cum</span> <span class='ocrx_word' id='word_1_192' title='bbox 2309 2534 2483 2595; x_wconf 90' lang='lat' dir='ltr'>esset</span> <span class='ocrx_word' id='word_1_193' title='bbox 2535 2531 2895 2612; x_wconf 83' lang='lat' dir='ltr'>singulariS‚</span> 
     </span>
     <span class='ocr_line' id='line_1_19' title="bbox 294 2634 2900 2717; baseline -0 -19"><span class='ocrx_word' id='word_1_194' title='bbox 294 2635 777 2715; x_wconf 78' lang='lat' dir='ltr'>interrogabant</span> <span class='ocrx_word' id='word_1_195' title='bbox 815 2636 994 2699; x_wconf 89' lang='lat' dir='ltr'>illum</span> <span class='ocrx_word' id='word_1_196' title='bbox 1043 2636 1343 2716; x_wconf 89' lang='lat' dir='ltr'>discipuli</span> <span class='ocrx_word' id='word_1_197' title='bbox 1391 2637 1550 2715; x_wconf 86' lang='grc'><strong>81118,</strong></span> <span class='ocrx_word' id='word_1_198' title='bbox 1601 2655 1765 2717; x_wconf 85' lang='lat' dir='ltr'>quae</span> <span class='ocrx_word' id='word_1_199' title='bbox 1813 2641 1986 2702; x_wconf 88' lang='lat' dir='ltr'>esset</span> <span class='ocrx_word' id='word_1_200' title='bbox 2032 2634 2384 2700; x_wconf 91' lang='lat' dir='ltr'>similitudo</span> <span class='ocrx_word' id='word_1_201' title='bbox 2430 2635 2601 2699; x_wconf 80' lang='lat' dir='ltr'>ista?</span> <span class='ocrx_word' id='word_1_202' title='bbox 2667 2639 2767 2700; x_wconf 93' lang='grc'>11.</span> <span class='ocrx_word' id='word_1_203' title='bbox 2815 2635 2900 2697; x_wconf 88' lang='grc' dir='ltr'>Ε1</span> 
     </span>
     <span class='ocr_line' id='line_1_20' title="bbox 297 2738 2894 2822; baseline 0.001 -20"><span class='ocrx_word' id='word_1_204' title='bbox 297 2739 393 2803; x_wconf 90' lang='lat' dir='ltr'>ait</span> <span class='ocrx_word' id='word_1_205' title='bbox 437 2739 600 2803; x_wconf 81' lang='lat' dir='ltr'>illis:</span> <span class='ocrx_word' id='word_1_206' title='bbox 672 2738 875 2804; x_wconf 92' lang='lat' dir='ltr'>Uobis</span> <span class='ocrx_word' id='word_1_207' title='bbox 924 2741 1139 2805; x_wconf 84' lang='lat' dir='ltr'>datum</span> <span class='ocrx_word' id='word_1_208' title='bbox 1189 2759 1572 2821; x_wconf 81' lang='lat' dir='ltr'>cognoscere</span> <span class='ocrx_word' id='word_1_209' title='bbox 1618 2740 1993 2822; x_wconf 84' lang='lat' dir='ltr'>mysterium</span> <span class='ocrx_word' id='word_1_210' title='bbox 2041 2740 2220 2820; x_wconf 88' lang='lat' dir='ltr'>regni</span> <span class='ocrx_word' id='word_1_211' title='bbox 2267 2739 2397 2817; x_wconf 80' lang='lat' dir='ltr'>dei3</span> <span class='ocrx_word' id='word_1_212' title='bbox 2480 2739 2609 2804; x_wconf 89' lang='lat' dir='ltr'>illis</span> <span class='ocrx_word' id='word_1_213' title='bbox 2657 2744 2894 2821; x_wconf 87' lang='lat' dir='ltr'>autem,</span> 
     </span>
     <span class='ocr_line' id='line_1_21' title="bbox 296 2843 2898 2926; baseline 0 -19"><span class='ocrx_word' id='word_1_214' title='bbox 296 2843 408 2925; x_wconf 88' lang='lat' dir='ltr'>qui</span> <span class='ocrx_word' id='word_1_215' title='bbox 455 2843 611 2909; x_wconf 87' lang='lat' dir='ltr'>foris</span> <span class='ocrx_word' id='word_1_216' title='bbox 659 2848 824 2923; x_wconf 86' lang='lat' dir='ltr'>sunt,</span> <span class='ocrx_word' id='word_1_217' title='bbox 872 2845 935 2908; x_wconf 90' lang='lat' dir='ltr'>in</span> <span class='ocrx_word' id='word_1_218' title='bbox 986 2847 1306 2925; x_wconf 86' lang='lat' dir='ltr'>parabolis</span> <span class='ocrx_word' id='word_1_219' title='bbox 1355 2846 1609 2925; x_wconf 90' lang='lat' dir='ltr'>dicitur,</span> <span class='ocrx_word' id='word_1_220' title='bbox 1658 2850 1728 2909; x_wconf 93' lang='lat' dir='ltr'>ut</span> <span class='ocrx_word' id='word_1_221' title='bbox 1775 2845 2072 2909; x_wconf 90' lang='lat' dir='ltr'>uidentes</span> <span class='ocrx_word' id='word_1_222' title='bbox 2139 2843 2404 2908; x_wconf 89' lang='lat' dir='ltr'>uideant</span> <span class='ocrx_word' id='word_1_223' title='bbox 2447 2849 2514 2908; x_wconf 90' lang='lat' dir='ltr'>et</span> <span class='ocrx_word' id='word_1_224' title='bbox 2556 2863 2682 2909; x_wconf 89' lang='lat' dir='ltr'>non</span> <span class='ocrx_word' id='word_1_225' title='bbox 2729 2845 2898 2926; x_wconf 86' lang='lat' dir='ltr'>aspi-</span> 
     </span>
     <span class='ocr_line' id='line_1_22' title="bbox 295 2948 2897 3031; baseline -0 -18"><span class='ocrx_word' id='word_1_226' title='bbox 295 2950 487 3028; x_wconf 85' lang='lat' dir='ltr'>ciant,</span> <span class='ocrx_word' id='word_1_227' title='bbox 558 2950 656 3014; x_wconf 95' lang='grc'>12.</span> <span class='ocrx_word' id='word_1_228' title='bbox 707 2956 771 3014; x_wconf 86' lang='grc'>81</span> <span class='ocrx_word' id='word_1_229' title='bbox 815 2948 1150 3015; x_wconf 89' lang='lat' dir='ltr'>audientes</span> <span class='ocrx_word' id='word_1_230' title='bbox 1196 2949 1461 3014; x_wconf 86' lang='lat' dir='ltr'>audiant</span> <span class='ocrx_word' id='word_1_231' title='bbox 1505 2955 1572 3014; x_wconf 91' lang='lat' dir='ltr'>et</span> <span class='ocrx_word' id='word_1_232' title='bbox 1615 2969 1742 3014; x_wconf 89' lang='lat' dir='ltr'>non</span> <span class='ocrx_word' id='word_1_233' title='bbox 1788 2949 2199 3031; x_wconf 85' lang='lat' dir='ltr'>intellegant:</span> <span class='ocrx_word' id='word_1_234' title='bbox 2249 2949 2583 3030; x_wconf 89' lang='lat' dir='ltr'>nequando</span> <span class='ocrx_word' id='word_1_235' title='bbox 2629 2967 2897 3014; x_wconf 84' lang='lat' dir='ltr'>conuer-</span> 
     </span>
     <span class='ocr_line' id='line_1_23' title="bbox 296 3053 2894 3131; baseline 0 -15"><span class='ocrx_word' id='word_1_236' title='bbox 296 3058 517 3118; x_wconf 88' lang='lat' dir='ltr'>tantur</span> <span class='ocrx_word' id='word_1_237' title='bbox 561 3058 627 3117; x_wconf 92' lang='lat' dir='ltr'>et</span> <span class='ocrx_word' id='word_1_238' title='bbox 673 3055 1039 3119; x_wconf 86' lang='lat' dir='ltr'>remittatur</span> <span class='ocrx_word' id='word_1_239' title='bbox 1086 3055 1233 3120; x_wconf 89' lang='lat' dir='ltr'>illis.</span> <span class='ocrx_word' id='word_1_240' title='bbox 1290 3058 1386 3120; x_wconf 88' lang='lat'>13.</span> <span class='ocrx_word' id='word_1_241' title='bbox 1435 3054 1521 3118; x_wconf 91' lang='lat' dir='ltr'>Et</span> <span class='ocrx_word' id='word_1_242' title='bbox 1552 3057 1643 3119; x_wconf 88' lang='lat' dir='ltr'>ait</span> <span class='ocrx_word' id='word_1_243' title='bbox 1674 3053 1831 3118; x_wconf 86' lang='lat' dir='ltr'>illis:</span> <span class='ocrx_word' id='word_1_244' title='bbox 1887 3053 2166 3118; x_wconf 90' lang='lat' dir='ltr'>Nescitis</span> <span class='ocrx_word' id='word_1_245' title='bbox 2205 3054 2366 3117; x_wconf 87' lang='lat' dir='ltr'>banc</span> <span class='ocrx_word' id='word_1_246' title='bbox 2397 3053 2894 3131; x_wconf 89' lang='lat' dir='ltr'>similitudinem,</span> 
     </span>
     <span class='ocr_line' id='line_1_24' title="bbox 297 3157 2890 3241; baseline 0.001 -21"><span class='ocrx_word' id='word_1_247' title='bbox 297 3162 366 3221; x_wconf 90' lang='lat' dir='ltr'>et</span> <span class='ocrx_word' id='word_1_248' title='bbox 409 3157 722 3240; x_wconf 89' lang='lat' dir='ltr'>quomodo</span> <span class='ocrx_word' id='word_1_249' title='bbox 770 3177 989 3225; x_wconf 90' lang='lat' dir='ltr'>omnes</span> <span class='ocrx_word' id='word_1_250' title='bbox 1036 3160 1488 3225; x_wconf 87' lang='lat' dir='ltr'>similitudines</span> <span class='ocrx_word' id='word_1_251' title='bbox 1535 3158 1801 3225; x_wconf 78' lang='lat' dir='ltr'>scietis?</span> <span class='ocrx_word' id='word_1_252' title='bbox 1852 3160 1950 3223; x_wconf 89' lang='lat'>14.</span> <span class='ocrx_word' id='word_1_253' title='bbox 2000 3157 2124 3235; x_wconf 85' lang='lat' dir='ltr'>Qui</span> <span class='ocrx_word' id='word_1_254' title='bbox 2171 3158 2452 3241; x_wconf 90' lang='lat' dir='ltr'>loquitur</span> <span class='ocrx_word' id='word_1_255' title='bbox 2497 3158 2762 3223; x_wconf 90' lang='lat' dir='ltr'>uerbum</span> <span class='ocrx_word' id='word_1_256' title='bbox 2797 3176 2890 3223; x_wconf 92' lang='lat' dir='ltr'>se-</span> 
     </span>
     <span class='ocr_line' id='line_1_25' title="bbox 295 3262 2897 3348; baseline 0.001 -23"><span class='ocrx_word' id='word_1_257' title='bbox 295 3262 516 3326; x_wconf 90' lang='lat' dir='ltr'>minat.</span> <span class='ocrx_word' id='word_1_258' title='bbox 574 3263 669 3327; x_wconf 82' lang='lat'>15.</span> <span class='ocrx_word' id='word_1_259' title='bbox 718 3263 784 3327; x_wconf 91' lang='lat' dir='ltr'>hi</span> <span class='ocrx_word' id='word_1_260' title='bbox 831 3270 1045 3329; x_wconf 89' lang='lat' dir='ltr'>autem</span> <span class='ocrx_word' id='word_1_261' title='bbox 1094 3270 1243 3329; x_wconf 91' lang='lat' dir='ltr'>sunt</span> <span class='ocrx_word' id='word_1_262' title='bbox 1288 3265 1394 3346; x_wconf 89' lang='lat' dir='ltr'>qui</span> <span class='ocrx_word' id='word_1_263' title='bbox 1432 3264 1603 3328; x_wconf 85' lang='lat' dir='ltr'>iuxta</span> <span class='ocrx_word' id='word_1_264' title='bbox 1652 3264 1819 3328; x_wconf 86' lang='lat' dir='ltr'>uiam</span> <span class='ocrx_word' id='word_1_265' title='bbox 1869 3264 2282 3348; x_wconf 85' lang='lat' dir='ltr'>seminantur,</span> <span class='ocrx_word' id='word_1_266' title='bbox 2331 3266 2439 3346; x_wconf 88' lang='lat' dir='ltr'>qui</span> <span class='ocrx_word' id='word_1_267' title='bbox 2501 3264 2897 3348; x_wconf 84' lang='lat' dir='ltr'>negligenter</span> 
     </span>
     <span class='ocr_line' id='line_1_26' title="bbox 301 3367 2895 3449; baseline 0.002 -21"><span class='ocrx_word' id='word_1_268' title='bbox 301 3367 571 3430; x_wconf 82' lang='lat' dir='ltr'>uerbum</span> <span class='ocrx_word' id='word_1_269' title='bbox 619 3369 996 3449; x_wconf 87' lang='lat' dir='ltr'>suscipiunt,</span> <span class='ocrx_word' id='word_1_270' title='bbox 1047 3374 1113 3434; x_wconf 90' lang='lat' dir='ltr'>et</span> <span class='ocrx_word' id='word_1_271' title='bbox 1159 3389 1300 3434; x_wconf 83' lang='lat' dir='ltr'>curn</span> <span class='ocrx_word' id='word_1_272' title='bbox 1347 3369 1689 3448; x_wconf 88' lang='lat' dir='ltr'>audierint,</span> <span class='ocrx_word' id='word_1_273' title='bbox 1762 3367 2094 3435; x_wconf 80' lang='lat' dir='ltr'>confestim</span> <span class='ocrx_word' id='word_1_274' title='bbox 2144 3371 2323 3435; x_wconf 88' lang='lat' dir='ltr'>uenit</span> <span class='ocrx_word' id='word_1_275' title='bbox 2365 3372 2623 3434; x_wconf 83' lang='lat' dir='ltr'>satanas</span> <span class='ocrx_word' id='word_1_276' title='bbox 2671 3374 2737 3434; x_wconf 87' lang='lat' dir='ltr'>et</span> <span class='ocrx_word' id='word_1_277' title='bbox 2780 3369 2895 3433; x_wconf 89' lang='lat' dir='ltr'>tol·</span> 
     </span>
     <span class='ocr_line' id='line_1_27' title="bbox 304 3471 2895 3555; baseline 0.001 -20"><span class='ocrx_word' id='word_1_278' title='bbox 304 3471 381 3535; x_wconf 88' lang='lat' dir='ltr'>lit</span> <span class='ocrx_word' id='word_1_279' title='bbox 422 3471 709 3552; x_wconf 89' lang='lat' dir='ltr'>uerbum,</span> <span class='ocrx_word' id='word_1_280' title='bbox 758 3476 927 3554; x_wconf 91' lang='lat' dir='ltr'>quod</span> <span class='ocrx_word' id='word_1_281' title='bbox 975 3477 1356 3540; x_wconf 86' lang='lat' dir='ltr'>seminatum</span> <span class='ocrx_word' id='word_1_282' title='bbox 1402 3481 1501 3540; x_wconf 90' lang='lat' dir='ltr'>est</span> <span class='ocrx_word' id='word_1_283' title='bbox 1549 3475 1611 3538; x_wconf 92' lang='lat' dir='ltr'>in</span> <span class='ocrx_word' id='word_1_284' title='bbox 1662 3475 1852 3538; x_wconf 91' lang='lat' dir='ltr'>corde</span> <span class='ocrx_word' id='word_1_285' title='bbox 1899 3474 2173 3539; x_wconf 89' lang='lat' dir='ltr'>illorum.</span> <span class='ocrx_word' id='word_1_286' title='bbox 2229 3476 2324 3538; x_wconf 88' lang='grc'>16.</span> <span class='ocrx_word' id='word_1_287' title='bbox 2373 3475 2459 3538; x_wconf 92' lang='grc' dir='ltr'>Ε1</span> <span class='ocrx_word' id='word_1_288' title='bbox 2507 3474 2567 3537; x_wconf 87' lang='grc'>111</span> <span class='ocrx_word' id='word_1_289' title='bbox 2608 3479 2755 3539; x_wconf 87' lang='grc'><strong>811111</strong></span> <span class='ocrx_word' id='word_1_290' title='bbox 2788 3474 2895 3555; x_wconf 91' lang='lat' dir='ltr'>qui</span> 
     </span>
     <span class='ocr_line' id='line_1_28' title="bbox 302 3579 2893 3662; baseline 0.002 -23"><span class='ocrx_word' id='word_1_291' title='bbox 302 3594 495 3656; x_wconf 85' lang='lat' dir='ltr'>supra</span> <span class='ocrx_word' id='word_1_292' title='bbox 588 3583 842 3657; x_wconf 86' lang='lat' dir='ltr'>petrosa</span> <span class='ocrx_word' id='word_1_293' title='bbox 931 3581 1228 3645; x_wconf 89' lang='lat' dir='ltr'>seminati</span> <span class='ocrx_word' id='word_1_294' title='bbox 1318 3585 1489 3656; x_wconf 83' lang='lat' dir='ltr'>sunt,</span> <span class='ocrx_word' id='word_1_295' title='bbox 1579 3580 1685 3661; x_wconf 88' lang='lat' dir='ltr'>qni</span> <span class='ocrx_word' id='word_1_296' title='bbox 1765 3597 1908 3643; x_wconf 89' lang='lat' dir='ltr'>cum</span> <span class='ocrx_word' id='word_1_297' title='bbox 1984 3580 2303 3644; x_wconf 85' lang='lat' dir='ltr'>audierint</span> <span class='ocrx_word' id='word_1_298' title='bbox 2392 3579 2673 3662; x_wconf 86' lang='lat' dir='ltr'>uerbum,</span> <span class='ocrx_word' id='word_1_299' title='bbox 2766 3584 2893 3643; x_wconf 88' lang='lat' dir='ltr'>sta·</span> 
     </span>
     <span class='ocr_line' id='line_1_29' title="bbox 299 3681 2890 3764; baseline 0.002 -22"><span class='ocrx_word' id='word_1_300' title='bbox 299 3681 411 3743; x_wconf 91' lang='lat' dir='ltr'>tim</span> <span class='ocrx_word' id='word_1_301' title='bbox 473 3701 613 3746; x_wconf 90' lang='lat' dir='ltr'>cum</span> <span class='ocrx_word' id='word_1_302' title='bbox 660 3683 892 3764; x_wconf 87' lang='lat' dir='ltr'>gaudio</span> <span class='ocrx_word' id='word_1_303' title='bbox 941 3684 1268 3764; x_wconf 87' lang='lat' dir='ltr'>accipiunt</span> <span class='ocrx_word' id='word_1_304' title='bbox 1315 3684 1494 3748; x_wconf 88' lang='lat' dir='ltr'>illud.</span> <span class='ocrx_word' id='word_1_305' title='bbox 1598 3686 1688 3748; x_wconf 87' lang='grc'>17.</span> <span class='ocrx_word' id='word_1_306' title='bbox 1761 3689 1827 3748; x_wconf 88' lang='grc'>81</span> <span class='ocrx_word' id='word_1_307' title='bbox 1894 3703 2030 3753; x_wconf 74' lang='lat' dir='ltr'>non,</span> <span class='ocrx_word' id='word_1_308' title='bbox 2084 3681 2325 3748; x_wconf 87' lang='lat' dir='ltr'>habent</span> <span class='ocrx_word' id='word_1_309' title='bbox 2368 3684 2432 3747; x_wconf 90' lang='lat' dir='ltr'>in</span> <span class='ocrx_word' id='word_1_310' title='bbox 2478 3701 2548 3747; x_wconf 90' lang='lat' dir='ltr'>se</span> <span class='ocrx_word' id='word_1_311' title='bbox 2593 3683 2890 3763; x_wconf 89' lang='lat' dir='ltr'>radicem,</span> 
     </span>
     <span class='ocr_line' id='line_1_30' title="bbox 296 3787 2895 3879; baseline 0.001 -29"><span class='ocrx_word' id='word_1_312' title='bbox 296 3787 412 3851; x_wconf 89' lang='lat' dir='ltr'>sed</span> <span class='ocrx_word' id='word_1_313' title='bbox 456 3788 849 3868; x_wconf 85' lang='lat' dir='ltr'>temporanei</span> <span class='ocrx_word' id='word_1_314' title='bbox 897 3794 1063 3867; x_wconf 89' lang='lat' dir='ltr'>sunt,</span> <span class='ocrx_word' id='word_1_315' title='bbox 1134 3788 1363 3853; x_wconf 88' lang='lat' dir='ltr'>deinde</span> <span class='ocrx_word' id='word_1_316' title='bbox 1412 3794 1552 3854; x_wconf 88' lang='lat' dir='ltr'>orta</span> <span class='ocrx_word' id='word_1_317' title='bbox 1619 3788 2030 3853; x_wconf 87' lang='lat' dir='ltr'>tribulatione</span> <span class='ocrx_word' id='word_1_318' title='bbox 2078 3793 2189 3852; x_wconf 87' lang='lat' dir='ltr'>aut</span> <span class='ocrx_word' id='word_1_319' title='bbox 2235 3787 2697 3879; x_wconf 86' lang='lat' dir='ltr'>persecutione,</span> <span class='ocrx_word' id='word_1_320' title='bbox 2766 3792 2895 3852; x_wconf 89' lang='lat' dir='ltr'>sta-</span> 
     </span>
     <span class='ocr_line' id='line_1_31' title="bbox 297 3891 2894 3974; baseline 0 -19"><span class='ocrx_word' id='word_1_321' title='bbox 297 3891 409 3955; x_wconf 86' lang='lat' dir='ltr'>tim</span> <span class='ocrx_word' id='word_1_322' title='bbox 458 3898 721 3973; x_wconf 88' lang='lat' dir='ltr'>propter</span> <span class='ocrx_word' id='word_1_323' title='bbox 766 3894 1029 3959; x_wconf 90' lang='lat' dir='ltr'>uerbum</span> <span class='ocrx_word' id='word_1_324' title='bbox 1065 3894 1597 3958; x_wconf 85' lang='lat' dir='ltr'>scandalizantur.</span> <span class='ocrx_word' id='word_1_325' title='bbox 1649 3895 1748 3960; x_wconf 90' lang='lat'>18.</span> <span class='ocrx_word' id='word_1_326' title='bbox 1800 3892 1884 3956; x_wconf 87' lang='lat' dir='ltr'>Et</span> <span class='ocrx_word' id='word_1_327' title='bbox 1930 3892 2037 3957; x_wconf 85' lang='lat' dir='ltr'>alii</span> <span class='ocrx_word' id='word_1_328' title='bbox 2085 3893 2192 3974; x_wconf 89' lang='lat' dir='ltr'>qui</span> <span class='ocrx_word' id='word_1_329' title='bbox 2238 3894 2302 3956; x_wconf 92' lang='lat' dir='ltr'>in</span> <span class='ocrx_word' id='word_1_330' title='bbox 2349 3893 2565 3974; x_wconf 89' lang='lat' dir='ltr'>spinas</span> <span class='ocrx_word' id='word_1_331' title='bbox 2598 3891 2894 3955; x_wconf 88' lang='lat' dir='ltr'>seminati</span> 
     </span>
     <span class='ocr_line' id='line_1_32' title="bbox 301 3996 2897 4081; baseline 0 -22"><span class='ocrx_word' id='word_1_332' title='bbox 301 4002 469 4076; x_wconf 90' lang='lat' dir='ltr'>sunt,</span> <span class='ocrx_word' id='word_1_333' title='bbox 519 3996 587 4059; x_wconf 92' lang='lat' dir='ltr'>hi</span> <span class='ocrx_word' id='word_1_334' title='bbox 632 4001 800 4081; x_wconf 88' lang='lat' dir='ltr'>sunt,</span> <span class='ocrx_word' id='word_1_335' title='bbox 845 3999 958 4081; x_wconf 92' lang='lat' dir='ltr'>qui</span> <span class='ocrx_word' id='word_1_336' title='bbox 1004 3999 1269 4064; x_wconf 88' lang='lat' dir='ltr'>beruum</span> <span class='ocrx_word' id='word_1_337' title='bbox 1316 3999 1603 4078; x_wconf 87' lang='lat' dir='ltr'>audiunt,</span> <span class='ocrx_word' id='word_1_338' title='bbox 1679 4000 1777 4064; x_wconf 85' lang='lat'>19.</span> <span class='ocrx_word' id='word_1_339' title='bbox 1827 4002 1895 4062; x_wconf 90' lang='lat' dir='ltr'>et</span> <span class='ocrx_word' id='word_1_340' title='bbox 1940 4017 2058 4080; x_wconf 89' lang='lat' dir='ltr'>per</span> <span class='ocrx_word' id='word_1_341' title='bbox 2104 3996 2565 4062; x_wconf 82' lang='lat' dir='ltr'>sollicitudines</span> <span class='ocrx_word' id='word_1_342' title='bbox 2610 3998 2786 4061; x_wconf 84' lang='lat' dir='ltr'>uitae</span> <span class='ocrx_word' id='word_1_343' title='bbox 2833 4001 2897 4060; x_wconf 92' lang='lat' dir='ltr'>et</span> 
     </span>
     <span class='ocr_line' id='line_1_33' title="bbox 296 4100 2992 4182; baseline 0.001 -19"><span class='ocrx_word' id='word_1_344' title='bbox 296 4100 360 4164; x_wconf 92' lang='lat' dir='ltr'>in</span> <span class='ocrx_word' id='word_1_345' title='bbox 408 4120 626 4166; x_wconf 82' lang='lat' dir='ltr'>errore</span> <span class='ocrx_word' id='word_1_346' title='bbox 675 4102 919 4168; x_wconf 89' lang='lat' dir='ltr'>saeculi</span> <span class='ocrx_word' id='word_1_347' title='bbox 967 4102 1153 4168; x_wconf 90' lang='lat' dir='ltr'>simul</span> <span class='ocrx_word' id='word_1_348' title='bbox 1201 4108 1445 4182; x_wconf 75' lang='grc'><strong>81111188,</strong></span> <span class='ocrx_word' id='word_1_349' title='bbox 1523 4103 1835 4168; x_wconf 87' lang='lat' dir='ltr'>suffocant</span> <span class='ocrx_word' id='word_1_350' title='bbox 1896 4102 2163 4167; x_wconf 87' lang='lat' dir='ltr'>uerbum</span> <span class='ocrx_word' id='word_1_351' title='bbox 2209 4106 2275 4167; x_wconf 89' lang='lat' dir='ltr'>et</span> <span class='ocrx_word' id='word_1_352' title='bbox 2321 4103 2460 4166; x_wconf 90' lang='lat' dir='ltr'>sine</span> <span class='ocrx_word' id='word_1_353' title='bbox 2502 4101 2715 4166; x_wconf 90' lang='lat' dir='ltr'>fructu</span> <span class='ocrx_word' id='word_1_354' title='bbox 2762 4100 2892 4166; x_wconf 88' lang='lat' dir='ltr'>effi·</span> <span class='ocrx_word' id='word_1_355' title='bbox 2989 4104 2992 4108; x_wconf 55' lang='lat'><strong><em>⁴</em></strong></span> 
     </span>
     <span class='ocr_line' id='line_1_34' title="bbox 297 4207 2893 4291; baseline 0.001 -23"><span class='ocrx_word' id='word_1_356' title='bbox 297 4207 570 4270; x_wconf 90' lang='lat' dir='ltr'>ciuntur.</span> <span class='ocrx_word' id='word_1_357' title='bbox 620 4208 723 4273; x_wconf 82' lang='lat'>20.</span> <span class='ocrx_word' id='word_1_358' title='bbox 772 4207 859 4271; x_wconf 88' lang='lat' dir='ltr'>Et</span> <span class='ocrx_word' id='word_1_359' title='bbox 906 4207 970 4271; x_wconf 92' lang='lat' dir='ltr'>hi</span> <span class='ocrx_word' id='word_1_360' title='bbox 1018 4213 1187 4287; x_wconf 88' lang='lat' dir='ltr'>sunt,</span> <span class='ocrx_word' id='word_1_361' title='bbox 1236 4210 1343 4289; x_wconf 91' lang='lat' dir='ltr'>qui</span> <span class='ocrx_word' id='word_1_362' title='bbox 1392 4227 1585 4291; x_wconf 87' lang='lat' dir='ltr'>super</span> <span class='ocrx_word' id='word_1_363' title='bbox 1628 4213 1869 4273; x_wconf 86' lang='lat' dir='ltr'>terram</span> <span class='ocrx_word' id='word_1_364' title='bbox 1916 4208 2146 4271; x_wconf 88' lang='lat' dir='ltr'>bonam</span> <span class='ocrx_word' id='word_1_365' title='bbox 2193 4207 2490 4272; x_wconf 85' lang='lat' dir='ltr'>seminati</span> <span class='ocrx_word' id='word_1_366' title='bbox 2536 4213 2704 4285; x_wconf 85' lang='lat' dir='ltr'>sunt,</span> <span class='ocrx_word' id='word_1_367' title='bbox 2785 4207 2893 4288; x_wconf 91' lang='lat' dir='ltr'>qui</span> 
     </span>
     <span class='ocr_line' id='line_1_35' title="bbox 298 4310 2893 4393; baseline 0.001 -20"><span class='ocrx_word' id='word_1_368' title='bbox 298 4311 566 4376; x_wconf 89' lang='lat' dir='ltr'>audiunt</span> <span class='ocrx_word' id='word_1_369' title='bbox 613 4313 879 4377; x_wconf 91' lang='lat' dir='ltr'>uerbum</span> <span class='ocrx_word' id='word_1_370' title='bbox 926 4317 992 4378; x_wconf 92' lang='lat' dir='ltr'>et</span> <span class='ocrx_word' id='word_1_371' title='bbox 1038 4331 1177 4377; x_wconf 90' lang='lat' dir='ltr'>eum</span> <span class='ocrx_word' id='word_1_372' title='bbox 1226 4314 1553 4393; x_wconf 87' lang='lat' dir='ltr'>excipiunt</span> <span class='ocrx_word' id='word_1_373' title='bbox 1600 4318 1665 4377; x_wconf 90' lang='lat' dir='ltr'>et</span> <span class='ocrx_word' id='word_1_374' title='bbox 1711 4310 2099 4377; x_wconf 86' lang='lat' dir='ltr'>fructificant</span> <span class='ocrx_word' id='word_1_375' title='bbox 2146 4331 2338 4377; x_wconf 91' lang='lat' dir='ltr'>unum</span> <span class='ocrx_word' id='word_1_376' title='bbox 2371 4310 2571 4376; x_wconf 90' lang='lat' dir='ltr'>XXX.</span> <span class='ocrx_word' id='word_1_377' title='bbox 2606 4316 2670 4377; x_wconf 90' lang='lat' dir='ltr'>et</span> <span class='ocrx_word' id='word_1_378' title='bbox 2700 4331 2893 4375; x_wconf 89' lang='lat' dir='ltr'>unum</span> 
     </span>
     <span class='ocr_line' id='line_1_36' title="bbox 294 4414 2898 4497; baseline 0 -18"><span class='ocrx_word' id='word_1_379' title='bbox 294 4414 428 4480; x_wconf 92' lang='lat' dir='ltr'>LX.</span> <span class='ocrx_word' id='word_1_380' title='bbox 462 4422 529 4480; x_wconf 87' lang='lat' dir='ltr'>et</span> <span class='ocrx_word' id='word_1_381' title='bbox 562 4417 753 4482; x_wconf 87' lang='lat' dir='ltr'>alium</span> <span class='ocrx_word' id='word_1_382' title='bbox 787 4420 1264 4484; x_wconf 87' lang='lat' dir='ltr'>centensimum.</span> <span class='ocrx_word' id='word_1_383' title='bbox 1316 4421 1417 4483; x_wconf 92' lang='grc'>21.</span> <span class='ocrx_word' id='word_1_384' title='bbox 1468 4418 1741 4484; x_wconf 86' lang='lat' dir='ltr'>Dicebat</span> <span class='ocrx_word' id='word_1_385' title='bbox 1788 4424 1999 4483; x_wconf 90' lang='lat' dir='ltr'>autem</span> <span class='ocrx_word' id='word_1_386' title='bbox 2051 4417 2194 4482; x_wconf 90' lang='lat' dir='ltr'>illis.</span> <span class='ocrx_word' id='word_1_387' title='bbox 2245 4415 2571 4497; x_wconf 90' lang='lat' dir='ltr'>Numquid</span> <span class='ocrx_word' id='word_1_388' title='bbox 2611 4415 2898 4480; x_wconf 87' lang='lat' dir='ltr'>adfertur</span> 
     </span>
     <span class='ocr_line' id='line_1_37' title="bbox 295 4521 2890 4605; baseline 0.001 -21"><span class='ocrx_word' id='word_1_389' title='bbox 295 4521 579 4601; x_wconf 88' lang='lat' dir='ltr'>lucerna,</span> <span class='ocrx_word' id='word_1_390' title='bbox 630 4529 700 4588; x_wconf 92' lang='lat' dir='ltr'>ut</span> <span class='ocrx_word' id='word_1_391' title='bbox 745 4524 864 4588; x_wconf 91' lang='lat' dir='ltr'>sub</span> <span class='ocrx_word' id='word_1_392' title='bbox 911 4523 1122 4587; x_wconf 91' lang='lat' dir='ltr'>modio</span> <span class='ocrx_word' id='word_1_393' title='bbox 1171 4527 1465 4605; x_wconf 86' lang='lat' dir='ltr'>ponatur,</span> <span class='ocrx_word' id='word_1_394' title='bbox 1514 4527 1627 4587; x_wconf 89' lang='lat' dir='ltr'>aut</span> <span class='ocrx_word' id='word_1_395' title='bbox 1671 4524 1789 4588; x_wconf 92' lang='lat' dir='ltr'>sub</span> <span class='ocrx_word' id='word_1_396' title='bbox 1838 4522 2050 4588; x_wconf 80' lang='lat' dir='ltr'>lecto?</span> <span class='ocrx_word' id='word_1_397' title='bbox 2142 4521 2253 4586; x_wconf 92' lang='lat' dir='ltr'>sed</span> <span class='ocrx_word' id='word_1_398' title='bbox 2304 4526 2372 4585; x_wconf 91' lang='lat' dir='ltr'>ut</span> <span class='ocrx_word' id='word_1_399' title='bbox 2420 4539 2614 4603; x_wconf 83' lang='lat' dir='ltr'>supra</span> <span class='ocrx_word' id='word_1_400' title='bbox 2664 4521 2890 4586; x_wconf 89' lang='lat' dir='ltr'>cande-</span> 
     </span>
     <span class='ocr_line' id='line_1_38' title="bbox 292 4625 2891 4708; baseline -0.001 -18"><span class='ocrx_word' id='word_1_401' title='bbox 292 4626 541 4691; x_wconf 85' lang='lat' dir='ltr'>labrum</span> <span class='ocrx_word' id='word_1_402' title='bbox 574 4628 900 4708; x_wconf 82' lang='lat' dir='ltr'>ponatur?</span> <span class='ocrx_word' id='word_1_403' title='bbox 948 4629 1052 4693; x_wconf 89' lang='grc'><strong>22.</strong></span> <span class='ocrx_word' id='word_1_404' title='bbox 1098 4627 1239 4692; x_wconf 91' lang='lat' dir='ltr'>Non</span> <span class='ocrx_word' id='word_1_405' title='bbox 1274 4628 1441 4690; x_wconf 90' lang='lat' dir='ltr'>enim</span> <span class='ocrx_word' id='word_1_406' title='bbox 1490 4633 1592 4693; x_wconf 88' lang='lat' dir='ltr'>est</span> <span class='ocrx_word' id='word_1_407' title='bbox 1635 4626 2098 4705; x_wconf 86' lang='lat' dir='ltr'>absconditum,</span> <span class='ocrx_word' id='word_1_408' title='bbox 2145 4625 2261 4690; x_wconf 90' lang='lat' dir='ltr'>sed</span> <span class='ocrx_word' id='word_1_409' title='bbox 2308 4630 2379 4690; x_wconf 91' lang='lat' dir='ltr'>ut</span> <span class='ocrx_word' id='word_1_410' title='bbox 2413 4625 2891 4705; x_wconf 81' lang='lat' dir='ltr'>manifestetur3</span> 
     </span>
     <span class='ocr_line' id='line_1_39' title="bbox 294 4730 2891 4814; baseline 0 -20"><span class='ocrx_word' id='word_1_411' title='bbox 294 4750 408 4796; x_wconf 91' lang='lat' dir='ltr'>nec</span> <span class='ocrx_word' id='word_1_412' title='bbox 457 4730 693 4796; x_wconf 85' lang='lat' dir='ltr'>factum</span> <span class='ocrx_word' id='word_1_413' title='bbox 741 4738 838 4796; x_wconf 88' lang='lat' dir='ltr'>est</span> <span class='ocrx_word' id='word_1_414' title='bbox 885 4734 1224 4809; x_wconf 89' lang='lat' dir='ltr'>occultum,</span> <span class='ocrx_word' id='word_1_415' title='bbox 1274 4733 1384 4797; x_wconf 92' lang='lat' dir='ltr'>sed</span> <span class='ocrx_word' id='word_1_416' title='bbox 1416 4737 1486 4796; x_wconf 91' lang='lat' dir='ltr'>ut</span> <span class='ocrx_word' id='word_1_417' title='bbox 1517 4734 1579 4796; x_wconf 90' lang='lat' dir='ltr'>in</span> <span class='ocrx_word' id='word_1_418' title='bbox 1615 4731 1822 4814; x_wconf 85' lang='lat' dir='ltr'>palam</span> <span class='ocrx_word' id='word_1_419' title='bbox 1871 4731 2105 4796; x_wconf 87' lang='lat' dir='ltr'>ueniat.</span> <span class='ocrx_word' id='word_1_420' title='bbox 2156 4732 2256 4795; x_wconf 89' lang='grc'><strong>23.</strong></span> <span class='ocrx_word' id='word_1_421' title='bbox 2294 4730 2416 4807; x_wconf 82' lang='lat' dir='ltr'>Qui</span> <span class='ocrx_word' id='word_1_422' title='bbox 2467 4730 2659 4794; x_wconf 87' lang='lat' dir='ltr'>habet</span> <span class='ocrx_word' id='word_1_423' title='bbox 2707 4749 2891 4796; x_wconf 88' lang='lat' dir='ltr'>aures</span> 
     </span>
     <span class='ocr_line' id='line_1_40' title="bbox 293 4835 2890 4919; baseline 0.002 -20"><span class='ocrx_word' id='word_1_424' title='bbox 293 4835 598 4902; x_wconf 82' lang='lat' dir='ltr'>audiendi</span> <span class='ocrx_word' id='word_1_425' title='bbox 649 4838 886 4903; x_wconf 84' lang='lat' dir='ltr'>audiat.</span> <span class='ocrx_word' id='word_1_426' title='bbox 935 4840 1036 4902; x_wconf 85' lang='grc'><strong>24.</strong></span> <span class='ocrx_word' id='word_1_427' title='bbox 1086 4839 1173 4904; x_wconf 89' lang='grc' dir='ltr'>Ε1</span> <span class='ocrx_word' id='word_1_428' title='bbox 1220 4838 1472 4904; x_wconf 86' lang='lat' dir='ltr'>dicebat</span> <span class='ocrx_word' id='word_1_429' title='bbox 1519 4837 1679 4904; x_wconf 83' lang='lat' dir='ltr'>illis:</span> <span class='ocrx_word' id='word_1_430' title='bbox 1757 4836 2011 4916; x_wconf 90' lang='lat' dir='ltr'>Uidete‚</span> <span class='ocrx_word' id='word_1_431' title='bbox 2087 4836 2240 4917; x_wconf 90' lang='lat' dir='ltr'>quid</span> <span class='ocrx_word' id='word_1_432' title='bbox 2290 4836 2607 4903; x_wconf 86' lang='lat' dir='ltr'>audiatisl</span> <span class='ocrx_word' id='word_1_433' title='bbox 2657 4837 2720 4901; x_wconf 89' lang='lat' dir='ltr'>in</span> <span class='ocrx_word' id='word_1_434' title='bbox 2757 4854 2890 4919; x_wconf 77' lang='lat' dir='ltr'>qua</span> 
     </span>
    </p>
   </div>
  </div>
 </body>
</html>
