3484 5617
521 466 604 561 74
1287 494 1648 566 Euangelium
1686 494 1983 550 secundum
2028 494 2354 551 Johannem.
2940 499 2995 554 C.
3040 482 3119 556 10'.

516 709 662 771 tura
722 704 1105 787 impleatur:
1185 706 1349 774 Ossa
1409 727 1533 774 non
1597 707 2012 792 confringetis
2074 728 2153 775 ex
2222 728 2331 790 eo:
2402 710 2503 776 37.
2552 715 2618 776 et
2688 712 2913 776 iterum
2986 712 3115 776 alia

517 811 835 892 scriptura
907 810 1096 876 dicit:
1172 810 1505 877 Uidebunt
1570 815 1635 877 in
1711 831 1896 894 quem
1967 819 2485 895 compunxerunt.
2578 815 2679 880 38.
2743 816 2897 880 Post
2963 814 3124 880 haec

514 919 724 978 autem
787 915 1043 995 rogauit
1101 915 1373 982 Pilatum
1433 916 1678 1000 ‚Ioseph
1742 918 1822 983 ab
1886 918 2217 997 Arimatia,
2282 919 2392 1000 qui
2455 924 2520 984 et
2565 920 2702 1002 ipse
2763 919 3123 1001 discipulus

515 1026 656 1084 e'rat
724 1018 902 1097 Jesu‚
973 1020 1220 1086 occulte
1293 1026 1504 1086 autem
1591 1028 1852 1105 propter
1926 1026 2169 1087 metum
2239 1022 2650 1101 Judaeorum,
2725 1029 2793 1088 ut
2860 1025 3119 1089 tolleret

521 1141 752 1205 corpus
799 1122 976 1202 Jesu,
1028 1129 1093 1189 et
1131 1127 1418 1207 permisit
1461 1126 1728 1193 Pilatus.
1778 1129 1884 1194 39.
1934 1126 2268 1193 Uenerunt
2315 1147 2465 1209 ergo
2507 1133 2574 1193 et
2616 1130 2904 1193 tulerunt
2949 1147 3122 1195 eum.

518 1227 715 1292 Uenit
783 1234 995 1294 autem
1064 1236 1130 1294 et
1176 1230 1580 1316 Nicodemu3‚
1650 1234 1759 1314 qui
1829 1238 2097 1298 uenerat
2155 1234 2234 1297 ad
2296 1233 2519 1298 Jesum
2590 1239 2775 1298 nocte
2822 1234 3121 1316 primum,

520 1332 732 1398 ferens
778 1335 1115 1399 mixturam
1162 1354 1417 1401 murrae
1449 1343 1516 1401 et
1547 1336 1739 1414 aloeS,
1791 1340 1976 1418 quasi
2022 1336 2219 1402 libras
2267 1343 2541 1402 centum.
2590 1339 2694 1404 40.
2728 1337 3125 1420 Acceperunt

520 1457 672 1520 ergo
742 1457 974 1521 corpus
1022 1439 1182 1505 Jesu
1255 1448 1319 1506 et
1385 1442 1757 1524 ligauerunt
1825 1461 1966 1509 eum
2028 1442 2246 1508 linteis
2316 1461 2449 1508 cum
2500 1443 2910 1526 aromatibuS,
2959 1443 3125 1507 sicut

521 1563 659 1608 mos
705 1548 808 1609 est
850 1543 1122 1611 ‚Iudaeis
1169 1546 1466 1628 sepelire.
1528 1548 1632 1614 41.
1680 1547 1845 1612 Erat
1888 1552 2102 1612 autem
2149 1549 2213 1612 in
2259 1545 2416 1629 loco,
2462 1546 2569 1611 ubi
2617 1545 2954 1611 crucifixus
3000 1552 3122 1621 est,

517 1648 763 1729 hortus,
789 1649 945 1713 etin
977 1650 1159 1716 hortu
1187 1658 1661 1717 monumentum
1679 1669 1931 1730 nouum,
1960 1654 2024 1716 in
2053 1669 2175 1734 quo
2205 1653 2475 1716 nondum
2505 1652 2840 1732 quisquam
2871 1652 3118 1734 positus

521 1759 680 1818 erat.
740 1754 846 1818 42.
893 1752 990 1817 Ibi
1039 1773 1190 1836 ergo
1237 1763 1499 1837 propter
1547 1774 1963 1838 parasceuen,
2011 1758 2160 1839 quia
2205 1758 2384 1821 iuxta
2430 1762 2570 1821 erat
2615 1760 3123 1837 monumentum,

521 1861 876 1939 posuerunt
920 1856 1159 1923 Jesum.
2409 1877 2416 1881 ·

732 2065 894 2132 XX.
945 2068 999 2130 1.
1047 2065 1192 2130 Una
1238 2071 1447 2132 autem
1496 2067 1746 2133 sabbati
1792 2068 1971 2133 uenit
2017 2068 2228 2135 Maria
2276 2069 2675 2150 Magdalena,
2724 2088 2868 2135 cum
2912 2069 3123 2134 adhuc

522 2170 828 2251 tenebrae
874 2179 1090 2236 essent
1134 2173 1216 2235 ad
1263 2177 1758 2251 monumentum,
1807 2171 1874 2238 et
1919 2173 2086 2239 uidit
2130 2174 2405 2255 lapidem
2452 2173 2771 2239 sublatum
2821 2194 2858 2238 a
2903 2192 3125 2239 monu-

524 2279 755 2340 mento,
847 2277 907 2341 2.
971 2273 1270 2340 Cucurrit
1327 2294 1475 2358 ergo
1525 2285 1590 2342 et
1650 2277 1832 2342 uenit
1893 2278 1974 2343 ad
2018 2275 2335 2344 Simonem
2401 2280 2656 2344 Petrum
2712 2284 2776 2342 et
2822 2279 2902 2343 ad
2927 2278 3124 2342 alium

528 2371 930 2462 discipulum,
977 2399 1164 2461 quem
1216 2382 1471 2446 amabat
1551 2381 1746 2448 Jesus
1793 2388 1858 2448 et
1905 2382 2062 2449 dicit
2108 2383 2235 2449 eis:
2314 2383 2626 2449 'fulerunt
2670 2383 2993 2448 dominum
3040 2382 3122 2446 de

523 2491 950 2566 monumento,
999 2491 1067 2549 et
1110 2489 1429 2551 nescimus
1476 2488 1583 2551 ubi
1632 2493 1980 2568 posuerunt
2023 2487 2222 2553 illum.
2302 2491 2359 2555 3.
2409 2488 2632 2553 Exiuit
2675 2507 2827 2570 ergo
2875 2488 3123 2566 PetruS‚

527 2596 591 2654 et
637 2590 746 2655 ille
794 2590 956 2657 alius
1008 2590 1379 2674 discipuluS,
1426 2597 1494 2656 et
1540 2592 1882 2657 ueniebant
1944 2595 2025 2658 ad
2072 2597 2567 2658 monumentum.
2643 2594 2704 2657 4.
2769 2590 3128 2656 Currebant

525 2703 738 2760 autem
786 2696 910 2777 ipsi
958 2697 1081 2761 duo
1129 2696 1336 2776 simul,
1408 2697 1517 2763 ille
1565 2697 1729 2762 alius
1780 2698 2134 2780 discipulus
2201 2698 2637 2778 praecucurrit
2697 2697 2890 2762 citius
2937 2697 3128 2760 Petro

520 2804 587 2864 et
615 2800 792 2865 uenit
834 2802 1009 2882 prior
1057 2802 1136 2867 ad
1184 2809 1678 2869 monumentum.
1757 2806 1818 2868 5.
1868 2803 1954 2867 Et
2002 2821 2143 2868 cum
2192 2821 2261 2868 se
2307 2803 2701 2881 inclinasset,
2750 2805 2814 2867 et
2862 2817 3127 2882 prospe-

523 2905 739 2986 xisset,
790 2906 955 2971 uidit
1000 2907 1212 2989 posita
1237 2907 1672 2982 lintheamina,
1745 2927 1870 2972 non
1918 2912 2129 2973 tamen
2175 2908 2485 2973 introiuit.
2578 2907 2638 2970 6.
2733 2905 2929 2971 Uenit
2972 2921 3126 2984 ergo

525 3010 739 3075 Simon
807 3010 1033 3077 Petrus
1081 3030 1357 3093 sequens
1406 3017 1470 3077 et
1516 3014 1786 3077 intrauit
1859 3015 1923 3078 in
1987 3019 2482 3095 monumentum,
2532 3017 2597 3077 et
2641 3010 2808 3075 uidit
2852 3009 3125 3075 linthea-

525 3115 696 3179 mina
757 3116 989 3198 posita,
1084 3117 1140 3179 7.
1191 3121 1257 3181 et
1316 3117 1663 3196 sudarium,
1725 3117 1897 3199 quod
1928 3123 2070 3183 erat
2129 3136 2324 3199 super
2369 3123 2560 3199 caput
2606 3117 2765 3195 eiuS‚
2813 3133 2936 3179 non
2983 3131 3124 3177 cum

523 3219 1006 3285 linteaminibus
1052 3222 1355 3302 positum,
1406 3223 1520 3286 sed
1566 3224 1910 3305 separatim
1958 3223 2311 3288 inuolutum
2361 3223 2424 3287 in
2457 3241 2584 3287 uno
2631 3220 2790 3285 loco.
2838 3220 2896 3284 8.
2947 3217 3128 3282 Tunc

526 3341 679 3404 ergo
725 3324 1018 3389 introiuit
1062 3330 1127 3389 et
1188 3325 1298 3389 ille
1346 3325 1715 3407 discipulus,
1765 3328 1875 3409 qui
1925 3335 2191 3393 uenerat
2239 3328 2478 3408 primus
2525 3326 2606 3390 ad
2650 3326 3128 3390 monumentum

526 3434 591 3491 et
621 3427 785 3492 uidit
832 3434 896 3494 et
945 3429 1238 3508 credidit,
1273 3431 1331 3496 9.
1379 3432 1657 3496 nondum
1706 3432 1872 3496 enim
1920 3430 2209 3496 sciebant
2239 3431 2636 3514 scripturam,
2680 3429 2830 3512 quia
2876 3430 3130 3508 oportet

523 3550 664 3596 eum
713 3550 750 3596 a
797 3535 1065 3599 mortuis
1096 3552 1461 3616 resurgere.
1556 3536 1653 3600 10.
1747 3533 2065 3599 Abierunt
2112 3554 2266 3617 ergo
2312 3537 2541 3600 iterum
2587 3536 2669 3600 ad
2744 3533 3127 3612 semetipsos

522 3637 841 3719 discipuli.
893 3642 990 3703 11.
1041 3638 1246 3704 Maria
1293 3648 1504 3705 autem
1551 3639 1816 3706 sedebat
1875 3640 1955 3703 acl
2016 3646 2488 3704 monumentum
2551 3638 2827 3722 ploranS,
2873 3641 2941 3701 et
2985 3654 3125 3700 cum

528 3741 730 3822 fleret,
778 3745 1112 3810 inclinauit
1159 3762 1229 3810 se
1277 3752 1341 3810 et
1384 3744 1718 3827 prospexit
1766 3746 1827 3810 in
1887 3750 2383 3823 monumentum,
2450 3747 2550 3810 12.
2606 3749 2672 3808 et
2737 3741 2905 3806 uidit
2966 3741 3126 3806 duos

525 3847 784 3929 angelos
831 3851 896 3913 in
944 3850 1107 3915 albis
1155 3851 1473 3929 sedentes,
1535 3869 1725 3914 uuum
1775 3850 1857 3915 ad
1906 3854 2103 3931 caput
2145 3857 2211 3916 et
2258 3869 2451 3915 unum
2489 3848 2569 3913 ad
2603 3848 2819 3931 pedeS‚
2872 3846 2979 3911 ubi
3015 3863 3126 3927 po-

524 3954 720 4018 situm
763 3953 886 4018 fuit
933 3972 1160 4036 corpus
1206 3954 1384 4020 Jesu.
1442 3957 1536 4019 13.
1584 3955 1824 4019 Dicunt
1869 3956 1931 4019 ei
1976 3954 2103 4019 illi:
2152 3954 2399 4035 mulier,
2448 3954 2600 4037 quid
2645 3952 2905 4035 ploras?
2952 3948 3128 4014 Dicit

526 4059 655 4126 eis:
704 4060 859 4140 quia
905 4058 1192 4125 tulerunt
1239 4059 1561 4124 dominum
1606 4078 1835 4138 meum,
1883 4066 1947 4124 et
1992 4061 2205 4125 nescio
2251 4060 2359 4125 ubi
2409 4077 2549 4125 eum
2599 4060 2970 4139 posuerunt.
3025 4055 3122 4118 14.

525 4162 703 4227 Haec
750 4183 892 4229 cum
939 4166 1224 4244 dixisset,
1293 4183 1603 4230 conuersa
1666 4169 1766 4229 est
1808 4169 2179 4244 retrorsum,
2249 4167 2314 4228 et
2359 4163 2523 4228 uidit
2581 4160 2804 4226 Jesum
2850 4164 3126 4225 stant-em

524 4271 590 4332 et
635 4287 761 4332 non
794 4269 1058 4348 sciebat,
1106 4271 1260 4350 quia
1307 4269 1602 4334 dominus
1648 4274 1767 4334 est.
1844 4270 1941 4336 15.
2022 4269 2198 4335 Dicit
2244 4270 2303 4332 ei
2363 4267 2599 4332 Jesus:
2672 4265 2928 4348 Mulier,
2974 4262 3127 4346 quid

525 4372 794 4452 ploras?
841 4393 1026 4456 quem
1074 4374 1379 4456 quaeris?
1423 4373 1535 4438 illa
1582 4374 1975 4455 existimans,
2038 4374 2188 4455 quia
2236 4371 2611 4439 hortulanus
2656 4374 2782 4451 est,
2831 4369 2987 4434 dicit
3031 4369 3123 4432 ei:

525 4475 798 4558 domine,
846 4479 901 4543 si
948 4485 1018 4544 tu
1066 4479 1387 4545 sustulisti
1461 4498 1624 4561 eum,
1689 4478 1886 4546 dicito
1955 4480 2130 4559 mihi,
2178 4477 2287 4543 ubi
2351 4476 2623 4569 posuisti
2684 4493 2848 4552 eum,
2897 4480 2965 4539 et
3009 4491 3127 4554 ego

524 4587 669 4646 eum
717 4582 954 4648 tollam.
1055 4587 1149 4650 16.
1229 4585 1401 4650 Dicit
1444 4586 1500 4651 ei
1548 4583 1780 4651 Jesus:
1859 4583 2085 4663 Maria,
2149 4583 2234 4646 Et
2296 4597 2607 4647 conuersa
2670 4578 2799 4658 illa,
2862 4578 3023 4644 dicit
3065 4577 3129 4645 ei

523 4686 850 4754 hebreice:
905 4689 1193 4769 rabboni,
1248 4690 1443 4772 (quod
1492 4693 2021 4773 interpraetatur:
2060 4688 2412 4769 magister).
2466 4688 2566 4751 17.
2598 4684 2776 4751 Dicit
2804 4684 2864 4748 ei
2896 4682 3129 4748 Jesust

525 4790 675 4859 Noli
723 4813 823 4860 me
868 4800 1148 4881 tangere,
1207 4795 1486 4866 nondum
1550 4796 1718 4860 enim
1782 4794 2041 4859 ascendi
2085 4792 2167 4858 ad
2217 4799 2497 4876 patrem3
2574 4790 2739 4856 uade
2784 4794 2995 4857 autem
3044 4788 3130 4855 ad
