3484 5617
947 1787 1400 1875 (Euangelium
1463 1789 1825 1857 secundum
1894 1788 2238 1873 Marcum.)

492 1997 545 2065 1.
593 2002 653 2064 1.
726 2000 986 2065 Initium
1056 2000 1399 2081 Euanyelii
1471 2002 1630 2066 Jesu
1691 1998 1934 2065 Christi
1986 2000 2138 2079 filii
2197 2001 2313 2075 dei,
2379 2002 2542 2065 sicut
2585 2003 2892 2086 seriptum

274 2112 366 2168 est
420 2106 489 2167 in
538 2105 730 2168 Eseia
787 2106 1139 2189 propheta:
1216 2109 1275 2169 2.
1334 2107 1495 2170 E'coe
1566 2105 1746 2169 mitto
1815 2105 2107 2186 anyelum
2172 2126 2375 2171 meum
2444 2111 2591 2172 ante
2642 2109 2892 2187 faeiem

273 2214 481 2294 tuam,
553 2210 660 2291 qui
716 2209 1150 2293 praeparauit
1222 2211 1399 2274 uiam
1472 2215 1674 2276 tuam.
1763 2213 1828 2276 3.
1909 2211 2043 2274 on
2109 2210 2449 2275 clamantis
2493 2212 2563 2277 in
2609 2213 2885 2278 deserto:

264 2317 511 2396 parate
581 2313 760 2378 uiam
834 2314 1089 2393 domini,
1165 2319 1374 2383 rectas
1427 2316 1639 2393 facite
1704 2316 1965 2379 semitas
2025 2315 2127 2379 dei
2170 2314 2374 2379 nostri
2401 2339 2426 2397 ,·
2496 2319 2558 2380 4.
2592 2317 2735 2396 fuit
2779 2315 2890 2381 Jo-

270 2418 523 2482 hannes
596 2418 666 2481 in
739 2418 980 2482 deserto
1046 2418 1379 2501 baptizans
1447 2424 1504 2483 et
1563 2419 1957 2501 praedicans
2022 2419 2404 2501 baptismum
2457 2422 2893 2502 paenitentiae

271 2521 339 2586 in
414 2523 843 2586 remissionem
908 2528 1329 2605 peccatorum.
1409 2527 1469 2590 5.
1543 2526 1630 2586 Et
1697 2523 2176 2605 egrediebantur
2260 2524 2347 2588 ad
2424 2524 2606 2588 illam
2688 2527 2889 2590 omnis

268 2626 535 2691 Judaea
602 2628 770 2708 reyio
837 2630 896 2691 et
962 2627 1487 2708 Hierosolymitae
1566 2627 1855 2691 uniuersi
1928 2631 1987 2690 et
2061 2627 2467 2710 baptizantur
2538 2629 2621 2692 ab
2687 2650 2753 2692 eo
2820 2632 2890 2693 in

271 2731 613 2796 Jordanen
657 2730 1016 2813 confitentes
1052 2736 1317 2812 peecata
1361 2752 1496 2795 sua.
1573 2734 1631 2797 6.
1680 2733 1767 2796 Et
1814 2737 1950 2797 erat
2011 2731 2337 2798 Johannes
2399 2734 2673 2799 uestitus
2722 2735 2884 2817 pilos

277 2837 554 2916 camelli,
605 2841 668 2900 et
715 2837 1005 2902 lucustas
1050 2842 1118 2902 et
1161 2837 1285 2901 mel
1334 2838 1633 2902 siluestre
1685 2838 1934 2902 edebat.
2003 2835 2125 2901 Hic
2170 2837 2586 2919 praedicabat
2632 2838 2879 2904 dicens:

275 2943 335 3006 7.
389 2941 700 3017 Quoniam
748 2943 925 3005 uenit
968 2941 1195 3007 fortior
1242 2946 1385 3022 post
1433 2961 1550 3021 me,
1602 2942 1782 3006 cuius
1822 2960 1947 3005 non
1981 2960 2119 3005 sum
2167 2941 2396 3022 dignus
2443 2943 2693 3006 soluere
2743 2963 2882 3009 cor-

271 3047 507 3126 rigiam
534 3046 1088 3111 calciamentorum
1116 3046 1274 3110 eius.
1307 3047 1363 3111 8.
1394 3045 1529 3128 Ego
1556 3046 1808 3127 baptizo
1828 3063 1943 3110 uos
1972 3046 2038 3110 in
2062 3064 2261 3127 aqua3
2307 3046 2422 3111 ille
2446 3050 2659 3111 autem
2684 3033 2902 3129 baptiss

271 3151 454 3214 zauit
480 3151 713 3231 spiritu
739 3154 979 3216 sancto.
1007 3153 1070 3216 9.
1095 3152 1182 3215 Et
1205 3151 1442 3216 factum
1467 3154 1657 3216 estin
1685 3151 1910 3216 diebus
1939 3151 2086 3230 illis,
2118 3152 2297 3216 uenit
2320 3149 2361 3214 J
2365 3169 2513 3216 esus
2540 3170 2577 3215 a
2602 3152 2902 3217 Nazaret¹

275 3254 631 3335 Galilaeae,
651 3259 716 3320 et
732 3255 1094 3336 baptizatus
1120 3256 1307 3319 estin
1334 3254 1375 3319 J
1379 3257 1659 3320 ordanen
1686 3256 1765 3319 ab
1784 3254 1824 3320 J
1829 3254 2134 3322 ohannen.
2169 3258 2264 3321 10.
2284 3255 2652 3321 Ascendens
2673 3261 2882 3324 autem

274 3361 356 3424 de
405 3378 569 3440 aqua
636 3361 802 3424 uidit
849 3366 1108 3441 apertos
1172 3359 1381 3425 caelos
1410 3364 1475 3425 et
1509 3362 1804 3442 spiritum
1851 3367 2173 3442 tamquam
2220 3361 2574 3426 columbam
2622 3364 2881 3427 descen-

272 3465 533 3528 dentem
559 3469 625 3528 et
647 3469 1005 3531 manentem
1050 3466 1115 3529 in
1161 3484 1255 3528 eo.
1311 3469 1407 3530 ll.
1471 3466 1555 3532 Et
1587 3485 1712 3532 uox
1747 3468 1825 3531 de
1856 3466 2029 3530 caelo
2077 3465 2245 3530 facta
2288 3471 2421 3531 est:
2471 3466 2564 3529 Tu
2612 3484 2681 3530 es
2714 3463 2908 3531 filius,

272 3587 454 3634 meus
500 3568 771 3634 dilectus
818 3571 882 3634 in
929 3589 1052 3652 quo
1102 3570 1263 3633 bene
1308 3569 1550 3650 placuit
1579 3571 1757 3634 mihi.
1811 3573 1909 3635 12.
1959 3571 2046 3634 Et
2079 3571 2292 3635 statim
2329 3571 2600 3651 spiritus
2634 3572 2878 3652 expulit

271 3673 451 3738 illum
502 3675 564 3737 in
613 3674 888 3739 desertO.
986 3674 1082 3738 13.
1132 3675 1219 3738 Et
1264 3679 1404 3738 erat
1468 3676 1533 3738 in
1581 3676 1835 3739 deserto
1881 3675 2013 3738 XL.
2067 3672 2290 3739 diebus
2337 3678 2404 3738 et
2447 3672 2880 3754 temptabatur

271 3799 307 3843 a
355 3783 627 3843 satanan
675 3784 742 3843 et
785 3783 927 3843 erat
970 3773 1112 3844 cum
1187 3777 1436 3863 bestiiS,
1514 3784 1580 3843 et
1649 3780 1862 3860 angeli
1935 3779 2386 3843 ministrabant
2431 3780 2509 3842 ei.
2606 3781 2702 3843 14.
2753 3778 2880 3843 Sed

271 3888 608 3964 postquam
652 3883 936 3949 traditus
981 3888 1082 3948 est
1129 3883 1480 3963 Johannes‚
1528 3885 1705 3948 uenit
1750 3882 1944 3949 Jesus
1992 3884 2058 3947 in
2106 3883 2461 3948 Galilaeam
2498 3885 2872 3963 praedicans

270 3989 674 4069 euangelium
723 3989 826 4054 dei
871 3993 939 4054 et
983 3987 1228 4054 dicens:
1312 3989 1621 4067 Quoniam
1670 3988 1933 4069 impleta
2003 3992 2153 4052 sunt
2198 3993 2491 4067 tempora
2538 3991 2601 4050 et
2648 3987 2875 4068 adpro-

271 4093 477 4175 piauit
523 4111 789 4175 regnum
837 4093 969 4172 dei;
1049 4094 1505 4174 paenitentiam
1575 4095 1746 4174 agite
1793 4096 1859 4157 et
1905 4093 2148 4158 credite
2198 4091 2550 4174 euangelio,
2649 4095 2746 4157 16.
2793 4092 2881 4157 Et

268 4198 670 4279 praeteriens
714 4217 895 4263 secus
940 4218 1115 4262 mare
1163 4197 1493 4263 Galilaeae
1537 4198 1703 4262 uidit
1748 4196 2064 4263 Simonem
2113 4203 2178 4261 et
2223 4197 2560 4273 Andream,
2611 4195 2871 4260 fratrem

266 4301 407 4367 eius
453 4303 778 4368 mittentes
822 4303 986 4367 retia
1033 4303 1095 4366 in
1141 4321 1316 4367 mare
1364 4303 1576 4386 (erant
1620 4302 1788 4367 enim
1835 4303 2239 4384 piscatores).
2323 4304 2422 4367 17.
2471 4302 2558 4365 Et
2605 4302 2695 4365 ait
2743 4300 2874 4365 illis

268 4405 496 4472 Jesus:
564 4407 796 4471 Uenite
845 4412 989 4488 post
1035 4426 1153 4485 me,
1217 4411 1283 4472 et
1327 4406 1561 4472 faciam
1633 4426 1748 4473 uos
1794 4408 2149 4489 piscatores
2198 4406 2540 4470 hominum.
2642 4407 2738 4471 18.
2788 4406 2877 4469 Et

270 4511 600 4577 confestim
669 4512 914 4577 relictis
976 4510 1267 4577 omnibus
1339 4513 1542 4577 secuti
1589 4516 1739 4579 sunt
1802 4511 2003 4576 illum.
2056 4512 2154 4575 19.
2207 4512 2294 4576 Et
2343 4527 2712 4591 progressus
2758 4527 2871 4588 pu·

267 4617 480 4682 sillum
527 4618 691 4682 uidit
734 4615 1044 4682 Jacobum
1088 4616 1406 4681 Zebedaei
1455 4620 1519 4680 et
1564 4615 1903 4681 Johannen
1950 4614 2215 4679 fratrem
2261 4616 2422 4698 eius,
2472 4619 2539 4679 et
2584 4614 2758 4694 ipsos
2805 4612 2884 4675 in'

268 4718 566 4788 nauicula
634 4727 1063 4803 conponentes
1129 4723 1313 4801 retia,
1378 4723 1478 4787 20.
1529 4725 1596 4784 et
1640 4722 1898 4785 uocauit
1943 4739 2072 4783 eos.
2135 4719 2235 4783 Ad
2282 4719 2377 4784 illi
2423 4718 2646 4782 relicto
2696 4722 2875 4798 patre

269 4832 414 4893 tsuo
461 4812 797 4893 Zebedaeo
844 4846 986 4892 cum
1036 4828 1489 4892 mercennariis
1535 4825 1737 4892 secuti
1787 4831 1937 4891 sunt
1983 4844 2145 4890 eum.
2205 4826 2309 4891 21.
2358 4822 2445 4888 Et
2490 4822 2876 4887 introierunt
