3484 5617
344 474 403 530 C.
442 479 492 529 8.
1094 466 1463 541 Euangelium
1501 471 1804 527 secundum
1846 463 2174 527 Johannem.
2870 474 2952 540 57

346 683 801 766 cupiscentiam
850 685 1054 766 patris
1101 681 1303 748 uestri
1353 682 1552 747 uultis
1598 681 1828 746 facere.
1905 681 2023 745 Ille
2053 682 2384 746 homicida
2438 681 2564 747 fuit
2612 680 2690 772 ab
2738 681 2947 760 initio,

345 793 411 855 et
455 791 520 854 in
551 790 995 853 ueritatenon
1043 790 1245 870 stetit,
1295 788 1444 868 quia
1490 788 1732 852 ueritas
1780 786 1843 850 in
1891 804 1965 850 eo
2012 805 2134 850 non
2183 791 2317 868 est3
2367 786 2618 866 quando
2666 785 2951 866 loquitur

349 894 774 976 mendacium,
846 894 925 958 de
964 894 1128 958 ‘suis
1176 892 1478 972 loquitur,
1550 892 1847 972 quoniam
1917 892 2187 956 mendax
2250 894 2348 957 est
2418 892 2584 956 sicut
2644 894 2710 954 et
2777 894 2961 971 pater

345 1000 510 1063 eius,
557 1000 662 1063 45.
710 999 849 1078 Ego
898 999 1047 1078 quia
1095 999 1434 1062 ueritatem
1483 996 1621 1060 dico
1672 995 1875 1079 uobis,
1926 1016 2048 1061 non
2093 995 2360 1061 creditis
2405 993 2582 1059 mihi.
2646 997 2750 1059 46.
2800 995 2956 1071 Quis

347 1122 425 1167 ex
497 1104 683 1168 uobis
753 1108 979 1185 arguet
1023 1120 1123 1165 me
1185 1105 1264 1166 de
1313 1102 1620 1182 peccato?
1711 1100 1778 1166 Si
1829 1102 2161 1165 ueritatem
2210 1102 2381 1179 dico,
2423 1119 2623 1182 quare
2668 1099 2787 1164 uo's
2833 1117 2959 1163 non

349 1207 611 1272 creditis
678 1207 880 1272 mihi?
968 1209 1071 1273 47.
1143 1206 1266 1283 Qui
1313 1210 1411 1272 est
1461 1224 1539 1270 ex
1590 1207 1726 1285 de0,
1769 1205 1972 1271 uerba
2020 1206 2123 1269 dei
2170 1206 2379 1284 audit;
2450 1210 2794 1288 propterea
2839 1222 2954 1268 uos

348 1333 472 1378 non
518 1313 779 1392 auditis,
831 1307 1130 1393 quoniam
1177 1330 1255 1375 ex
1302 1311 1421 1376 deo
1470 1331 1600 1375 non·
1644 1312 1820 1377 estis,
1914 1312 2019 1376 48.
2071 1311 2567 1392 Responderunt
2612 1308 2847 1374 Judaei
2894 1312 2961 1371 et

349 1418 647 1482 dixerunt
722 1416 813 1481 ei:
904 1434 1116 1481 nonne
1191 1419 1366 1479 recte
1445 1416 1713 1481 dicimus
1798 1433 1932 1493 nos,
2009 1417 2159 1496 quia
2235 1411 2674 1479 Samaritanus
2745 1432 2815 1488 es
2886 1418 2958 1477 tu

347 1511 411 1569 et
473 1504 873 1569 daemonium
941 1502 1188 1567 habes?
1277 1505 1383 1572 40.
1460 1503 1814 1585 Respondit
1880 1502 2107 1567 Jesus:
2179 1502 2317 1585 Ego
2385 1501 2781 1566 daemonium
2832 1519 2959 1564 non

345 1608 584 1687 habeo,
678 1608 791 1673 sed
900 1605 1246 1673 honorifico
1341 1611 1589 1689 patrem
1681 1626 1921 1685 meum,
2012 1626 2127 1672 uos
2219 1605 2740 1670 dehonorificatis
2830 1623 2950 1669 me.

346 1714 448 1779 50.
518 1713 657 1793 Ego
736 1716 951 1778 autem
1033 1730 1159 1776 non
1235 1727 1470 1791 quaero
1541 1710 1848 1775 honorem
1920 1729 2170 1786 meum,>
2220 1714 2321 1776 est
2389 1711 2496 1791 qui
2572 1712 2825 1791 quaerit
2893 1715 2957 1773 et

351 1817 614 1893 iudicat.
663 1819 764 1882 51.
805 1820 1029 1896 Amen,
1077 1834 1263 1887 amen
1312 1816 1453 1880 dico
1503 1816 1707 1900 uobis,
1758 1818 1813 1881 si
1862 1818 2007 1897 quis
2039 1817 2303 1880 uerbum
2337 1834 2543 1881 meum
2578 1815 2952 1893 seruaberit‚

349 1926 617 1988 mortem
666 1940 792 1987 non
841 1919 1092 1986 uidebit
1136 1921 1202 1985 in
1247 1926 1597 1988 aeternum.
1675 1923 1780 1986 52.
1832 1922 2145 1986 Dixerunt
2191 1922 2251 1986 ei
2298 1922 2565 1986 Judaei:
2616 1921 2811 1986 Nunc
2858 1938 2959 1984 co-

355 2027 712 2106 gnouimus,
760 2027 1055 2107 quoniam
1105 2027 1504 2097 daemonium
1553 2026 1772 2093 habes.
1853 2026 2173 2091 Abraham
2220 2032 2509 2091 mortuus
2557 2030 2658 2092 est
2702 2030 2768 2090 et
2813 2044 2956 2108 pro·

352 2131 602 2211 phetae,
667 2136 732 2197 et
790 2135 863 2196 tu
923 2131 1123 2195 dicis:
1196 2130 1262 2196 Si
1311 2132 1452 2211 quis
1501 2130 1763 2195 uerbum
1813 2148 2021 2194 meum
2068 2131 2445 2210 seruaberit,
2495 2152 2617 2196 non
2667 2131 2954 2212 gustabit

352 2240 635 2300 mortem.
727 2235 830 2300 53.
880 2235 1203 2317 Numquid
1266 2240 1337 2300 tu
1402 2237 1605 2300 maior
1666 2253 1737 2299 es
1800 2234 2115 2313 Abrabae,
2193 2237 2300 2316 qui
2376 2241 2661 2303 mortuus
2708 2239 2849 2301 est‘?
2895 2238 2962 2298 et

352 2340 725 2422 prophetae,
761 2341 871 2422 qui
919 2342 1150 2405 mortui
1185 2345 1388 2406 sunt?
1437 2359 1622 2421 quem
1670 2345 1736 2403 te
1770 2358 1921 2420 ergo
1968 2338 2172 2406 facis?
2218 2341 2320 2405 54.
2352 2341 2708 2421 Respondit
2736 2340 2957 2405 Jesus:

352 2445 405 2510 si
455 2464 571 2526 ego
620 2443 968 2510 honorifico
1016 2464 1134 2525 me,
1186 2445 1389 2510 honor
1433 2463 1614 2509 meus
1660 2444 1820 2509 nihil
1873 2450 2005 2523 est3
2071 2450 2255 2526 pater
2302 2464 2481 2509 meus
2527 2449 2645 2524 est,
2694 2447 2799 2527 qui
2848 2446 2957 2509 ho-

353 2548 645 2614 norificat
692 2569 809 2626 me,
858 2570 1045 2632 quem
1090 2567 1207 2616 uos
1257 2551 1490 2629 dicitis,
1539 2551 1833 2631 quoniam
1884 2550 2040 2614 deus
2074 2563 2310 2627 uester,
2360 2552 2442 2615 55
2505 2555 2568 2613 et
2599 2570 2723 2614 non
2754 2552 2959 2615 nostis

355 2674 519 2734 eum,
571 2675 687 2737 ego
735 2662 945 2719 autem
994 2657 1147 2730 noui
1193 2674 1371 2733 eum;
1423 2660 1489 2718 et
1532 2655 1589 2720 si
1637 2654 1875 2733 dixero,
1926 2655 2221 2735 quoniam
2275 2673 2400 2718 non
2451 2656 2600 2719 noui
2634 2673 2804 2735 eum,
2849 2674 2959 2719 ero

356 2759 587 2825 similis
609 2761 793 2824 uobis
815 2760 1102 2826 mendax,
1130 2760 1255 2825 Sed
1275 2760 1406 2825 scio
1438 2759 1617 2825 illum
1644 2761 1990 2826 etuerbum
2018 2760 2153 2824 eius
2181 2760 2485 2824 custodio.
2514 2758 2617 2823 56.
2637 2759 2956 2823 Abraham

355 2868 541 2945 pater
602 2870 817 2929 uester
874 2864 1241 2931 laetabatur
1283 2869 1356 2929 ut
1400 2864 1654 2930 uideret
1703 2865 1869 2929 diem
1916 2883 2144 2943 meum,
2207 2869 2274 2929 et
2345 2865 2510 2928 uidit
2572 2869 2637 2928 et
2696 2864 2958 2944 gauisus

356 2974 473 3046 est.
522 2970 627 3034 57.
655 2969 970 3035 Dixerunt
1015 2989 1163 3052 ergo
1209 2971 1290 3038 ad
1337 2989 1511 3035 eum:
1566 2970 2031 3052 quinquaginta
2077 2988 2277 3034 annos
2326 2970 2601 3033 nondum
2647 2969 2845 3033 habes
2895 2975 2960 3032 et

357 3073 677 3138 Abraham
725 3073 993 3139 uidisti?
1060 3076 1160 3141 53.
1211 3076 1391 3140 Dixit
1435 3076 1529 3140 eis
1575 3074 1802 3140 Jesus:
1852 3076 2074 3154 Amen,
2124 3092 2306 3139 amen
2355 3075 2495 3138 dico
2547 3074 2747 3152 uobis,
2797 3078 2946 3138 ante

356 3177 672 3244 Abraham
733 3197 850 3261 ego
910 3192 1068 3246 sum.
1133 3181 1232 3248 59.
1283 3180 1594 3248 Tulemnt
1657 3199 1812 3263 ergo
1859 3181 2127 3261 lapides,
2173 3185 2247 3244 ut
2295 3181 2620 3245 mitterent
2665 3180 2730 3243 in
2780 3197 2944 3243 eum.

357 3282 553 3348 Jesus
599 3301 757 3349 uero
805 3284 1138 3352 abscondit
1183 3304 1252 3349 se
1302 3290 1366 3350 et
1412 3286 1569 3351 exiit
1615 3285 1692 3349 de
1740 3285 1998 3368 templo,

558 3492 686 3561 lx.
738 3498 795 3562 1.
844 3496 930 3560 Et
972 3496 1371 3577 praeteriens
1420 3495 1583 3562 uidit
1628 3515 1885 3561 caecum
1933 3515 2008 3560 ex
2053 3497 2476 3561 natiuitatem.
2525 3500 2584 3561 2.
2649 3502 2714 3561 et
2761 3498 2956 3563 inter·

355 3603 751 3679 rogauerunt
797 3619 940 3665 eum
989 3602 1290 3684 discipuli
1338 3603 1436 3667 sui
1486 3602 1810 3667 dicentes:
1888 3602 2086 3683 rabbi,
2137 3602 2280 3682 quis
2326 3602 2636 3682 peccauit,
2699 3602 2804 3665 hic
2851 3607 2961 3666 aut

356 3709 660 3784 parentes
708 3711 864 3783 eiua,
912 3705 1212 3787 quoniam
1278 3725 1504 3772 caecus
1564 3712 1751 3772 natus
1784 3708 1930 3772 est?
2006 3708 2063 3770 3.
2112 3706 2471 3787 Respondit
2516 3704 2706 3771 Jesus
2754 3711 2820 3769 et
2867 3705 2961 3769 di-

355 3810 449 3873 xit
471 3810 604 3875 eis:
655 3808 878 3891 Neque
913 3810 1016 3874 hic
1039 3812 1356 3900 peccauit,
1403 3830 1649 3893 necque
1696 3815 1997 3893 parentes
2044 3810 2202 3893 eiuS,
2230 3810 2341 3874 sed
2368 3816 2438 3874 ut
2470 3809 2958 3876 manifestentur

358 3931 558 3995 opera
607 3915 708 3979 d‘ei
755 3915 820 3979 in
871 3931 965 3981 eo.
1012 3918 1070 3980 4.
1123 3917 1229 3981 Me
1276 3922 1530 3998 oportet
1574 3918 1828 3998 operari
1877 3934 2069 3996 opera
2117 3915 2275 3989 eiua,
2308 3916 2412 3995 qui
2447 3915 2618 3980 misit
2661 3933 2781 3998 me,
2817 3933 2957 3979 cum

366 4019 506 4086 dies
552 4025 671 4099 est,
721 4021 938 4084 ueniet
983 4021 1151 4084 enim
1198 4040 1341 4101 nox,
1371 4040 1512 4087 cum
1548 4041 1731 4088 nemo
1785 4022 2024 4101 poterit
2070 4021 2341 4102 operari.
2394 4023 2451 4085 5.
2504 4019 2659 4085 Cum
2709 4039 2845 4084 sum
2896 4023 2959 4083 in

358 4123 476 4200 hoc
521 4124 772 4203 mundo,
820 4124 1033 4190 lumen
1057 4144 1195 4190 sum
1243 4126 1478 4194 mundi.
1517 4128 1571 4191 6.
1611 4126 1785 4191 Haec
1819 4145 1958 4191 cum
2013 4126 2297 4209 dixisset,
2344 4126 2565 4207 expuit
2611 4126 2673 4188 in
2720 4130 2958 4189 terram

358 4233 424 4293 et
467 4228 622 4294 fecit
664 4228 867 4293 lutum
917 4230 994 4294 de
1042 4235 1443 4311 sputamento
1489 4235 1554 4294 et
1586 4231 1987 4314 ‘superlinuit
2036 4230 2240 4296 lutum
2291 4249 2481 4311 super
2526 4230 2742 4294 oculos
2786 4228 2961 4294 illius

359 4334 552 4412 caeci,
603 4337 659 4399 7.
707 4339 772 4399 et
818 4334 983 4399 dixit
1027 4335 1120 4399 ei:
1168 4335 1351 4399 Uade
1384 4337 1447 4399 in
1486 4336 1865 4402 natatoriam
1915 4335 2171 4413 Siloam,
2223 4337 2419 4416 (quod
2467 4336 2963 4417 interpraetatur

358 4438 654 4519 missus);
702 4442 768 4502 et
825 4440 1111 4519 perrexit
1162 4444 1230 4503 et
1296 4439 1501 4504 abluit
1546 4459 1614 4504 se
1679 4446 1745 4503 et
1792 4441 1971 4506 uenit
2018 4441 2260 4505 uidens.
2355 4442 2411 4505 8.
2490 4439 2704 4505 Uicini
2750 4445 2962 4504 autem

359 4543 551 4623 illius,
599 4548 664 4609 et
709 4543 818 4624 qui
851 4544 1151 4609 uiderant
1184 4563 1322 4608 eum
1370 4549 1580 4625 antea,
1631 4545 1959 4624 (quoniam
2009 4545 2336 4609 mendicus
2382 4549 2525 4608 erat
2569 4549 2635 4609 et
2680 4542 2957 4627 caecus),

359 4646 684 4714 dicebantt
719 4648 943 4714 Nonne
990 4648 1092 4714 hic
1136 4654 1258 4727 est,
1305 4649 1409 4732 qui
1461 4648 1724 4712 sedebat
1750 4652 1815 4711 ot
1837 4648 2297 4714 mendicabat?
2343 4649 2400 4712 9.
2444 4647 2572 4711 Alii
2620 4645 2957 4712 dicebant:

360 4753 463 4819 hic
508 4758 642 4829 est3
694 4753 803 4819 alii
852 4754 1185 4820 dicebantf
1232 4771 1353 4820 non
1402 4756 1520 4835 est,
1555 4753 1666 4820 sed
1692 4752 1922 4818 similis
1954 4752 2201 4831 estilli3
2248 4752 2358 4818 ille
2405 4757 2615 4819 autem
2666 4752 2956 4816 dicebat:
