3484 5617
516 531 599 595 62
1286 525 1648 593 Euangelium
1691 525 1989 579 secundum
2032 527 2355 582 Johannem.
2935 526 2990 579 C.
3034 532 3109 580 11.

517 737 813 820 lapidem.
878 738 1071 803 Jesus
1119 741 1331 802 autem
1381 737 1623 802 leuauit
1673 738 1887 802 oculos
1937 757 2084 803 suos
2131 739 2213 804 ad
2263 739 2504 803 caelum
2556 743 2620 804 et
2669 739 2862 805 dixit:
2912 745 3113 823 pater,

516 845 756 926 gratias
801 862 918 928 ago
966 842 1103 918 tibi,
1174 845 1322 925 quia
1368 842 1605 908 audisti
1654 861 1772 907 me.
1864 844 1965 907 42.
2017 844 2102 908 Et
2148 861 2264 925 ego
2310 844 2608 922 sciebam,
2671 846 2821 926 quia
2866 865 3117 929 semper

506 969 607 1013 me
653 949 856 1028 audiS,
906 949 1020 1014 sed
1049 955 1307 1032 propter
1353 947 1629 1030 turbam,
1676 966 1839 1029 quae
1886 948 2276 1028 circumstat,
2330 948 2479 1029 dixi,
2528 954 2596 1013 ut
2628 951 2914 1031 credant,
2964 953 3115 1034 quia

511 1058 581 1117 tu
630 1073 728 1118 me
776 1054 1023 1120 misisti.
1117 1055 1220 1120 43.
1271 1053 1445 1119 Haec
1503 1072 1642 1117 cum
1692 1053 1984 1129 dixisset,
2033 1072 2191 1118 uoce
2238 1071 2465 1135 magua
2512 1053 2810 1120 clamauit
2859 1057 3113 1122 dicens:

513 1159 770 1238 Lazare‚
823 1159 1006 1241 prodi
1053 1159 1246 1225 foras.
1297 1160 1399 1224 44.
1447 1159 1534 1223 Et
1558 1159 1715 1223 exiit
1760 1157 1890 1239 ille,
1938 1159 2046 1238 qui
2078 1156 2287 1222 fuerat
2320 1158 2888 1241 mortuus,ligatus
2917 1161 3113 1243 pedes

512 1269 577 1329 et
620 1282 846 1329 manus
891 1265 1153 1344 iustitis,
1223 1268 1287 1328 et
1333 1262 1533 1328 facies
1582 1263 1720 1327 eius
1769 1262 2027 1328 sudario
2075 1263 2395 1344 conligata
2441 1268 2597 1329 erat.
2693 1265 2779 1329 Et
2824 1266 2986 1329 dixit
3033 1267 3115 1331 ad

513 1388 622 1433 eos
668 1367 901 1433 Jesus:
946 1367 1190 1434 Soluite
1239 1389 1399 1451 euni,
1448 1372 1515 1433 et
1561 1367 1754 1432 sinite
1801 1368 1915 1432 ire.
1966 1367 2068 1432 45.
2120 1367 2308 1431 Multi
2356 1387 2504 1450 ergo
2554 1388 2629 1433 ex
2672 1367 2958 1449 Judaeis,
3007 1370 3117 1451 qui

514 1477 824 1537 uenerant
849 1474 928 1537 ad
957 1471 1248 1556 Mariam,
1299 1472 1592 1538 uidentes
1639 1490 1806 1553 quae
1853 1472 2023 1552 fecit,
2059 1472 2465 1538 crediderunt
2507 1475 2571 1538 in
2596 1493 2759 1539 eum.
2808 1476 2908 1541 46.
2959 1473 3117 1551 Qui-

511 1579 655 1642 dam
701 1596 855 1643 uero
903 1597 980 1642 ex
1026 1579 1183 1658 ipsis
1232 1577 1526 1642 abierunt
1574 1577 1652 1641 ad
1702 1576 2080 1642 Pharisaeos
2128 1583 2191 1644 et
2240 1578 2537 1644 dixerunt
2582 1579 2695 1662 eis,
2747 1582 2913 1661 quod
2960 1580 3119 1646 fecit

509 1681 720 1748 JesuS.
785 1683 887 1748 47.
941 1681 1349 1763 Collegeruut
1394 1700 1546 1763 ergo
1595 1681 1918 1764 principes
1966 1683 2366 1748 sacerdotum
2414 1688 2479 1749 et
2524 1684 2854 1751 Pharisaei
2902 1686 3118 1751 conci-

508 1787 661 1851 lium
722 1792 788 1851 et
849 1787 1178 1852 dicebant:
1275 1786 1439 1864 Quid
1487 1786 1816 1864 faciemus,
1886 1788 2033 1870 quia
2082 1787 2183 1852 hic
2245 1788 2429 1853 homo
2479 1788 2631 1853 talia
2678 1788 2864 1872 signa
2912 1789 3116 1855 facit?

509 1896 612 1960 48.
662 1893 728 1959 Si
775 1891 1207 1972 relinquamus
1257 1910 1397 1956 eum
1446 1893 1559 1971 sic,
1629 1910 1847 1958 omnes
1911 1893 2171 1957 credent
2217 1894 2280 1956 iu
2330 1912 2493 1971 eum,
2565 1897 2633 1957 et
2678 1895 2941 1959 uenient
2989 1896 3115 1961 Ro-

507 1998 678 2063 mani
726 2003 789 2061 et
832 1996 1061 2062 tollent
1109 2001 1400 2061 nostrum
1448 1996 1655 2062 locum
1715 2002 1781 2061 et
1827 2003 2098 2080 gentem.
2189 2000 2294 2064 49.
2345 1997 2525 2064 Unus
2574 2004 2787 2064 autem
2834 2017 2910 2063 ex
2955 1999 3118 2082 ipsis

508 2104 760 2169 nomine
821 2101 1055 2181 Caifas,
1098 2122 1239 2166 cum
1301 2108 1470 2167 esset
1537 2103 1832 2185 princeps
1881 2103 2282 2168 sacerdotum
2329 2106 2479 2169 anni
2528 2104 2722 2183 illius,
2772 2104 2935 2171 dixit
2980 2107 3111 2172 eis:

510 2208 643 2273 Uos
709 2208 973 2273 nescitis
1022 2209 1379 2290 quicquam,
1472 2210 1572 2273 50.
1623 2226 1868 2289 necque
1914 2209 2227 2290 cogitatis,
2277 2211 2431 2292 quia
2478 2210 2737 2293 expedit
2786 2211 2988 2289 uobi3‚
3037 2216 3113 2275 ut

514 2332 677 2378 unus
748 2312 935 2377 homo
984 2312 1293 2377 moriatur
1341 2332 1458 2393 pro
1504 2314 1758 2394 populo,
1843 2317 1910 2378 et
1956 2332 2078 2377 nou
2127 2318 2263 2379 tota
2308 2333 2466 2397 gens
2510 2319 2751 2395 pereat.
2820 2317 2923 2381 51.
2972 2316 3117 2382 Hoc

511 2423 723 2483 autem
802 2437 841 2483 a
885 2435 956 2482 se
1025 2420 1164 2499 ipso
1237 2437 1361 2483 uon
1432 2417 1701 2495 dicebat,
1781 2419 1893 2483 sed
1957 2437 2095 2482 curu
2145 2425 2316 2485 esset
2364 2421 2657 2501 princeps
2704 2421 3113 2486 sacerdotum

508 2523 656 2586 anni
703 2521 896 2606 illius,
945 2522 1380 2605 prophetauit,
1433 2523 1580 2603 quia
1606 2523 1835 2605 incipit
1880 2523 2072 2590 Jesus
2118 2524 2283 2590 mori
2332 2545 2444 2606 pro
2493 2530 2703 2607 gente,
2752 2526 2855 2592 52.
2887 2528 2952 2590 et
2983 2544 3113 2590 non

506 2631 753 2692 tantuin
801 2644 916 2708 pro
978 2631 1252 2708 gentem,
1321 2629 1437 2692 sed
1501 2633 1575 2692 ut
1620 2625 1785 2693 filios
1833 2628 1960 2707 dei,
2007 2628 2111 2710 qui
2163 2633 2314 2693 sunt
2359 2629 2657 2711 dispersi,
2738 2629 3000 2712 colligat
3046 2631 3111 2694 in

507 2751 717 2796 unum.
767 2732 869 2798 53.
902 2732 998 2796 Ab
1048 2731 1155 2795 illo
1188 2749 1339 2815 ergo
1367 2732 1469 2797 die
1494 2733 1962 2816 cogitauerunt,
1992 2737 2062 2797 ut
2088 2732 2526 2799 interficerent
2572 2753 2737 2800 eum.
2783 2735 2882 2801 54.
2915 2734 3114 2800 Jesus

502 2856 652 2920 ergo
698 2837 823 2901 iam
871 2855 996 2901 non
1042 2835 1253 2917 palam
1303 2837 1670 2903 ambulabat
1732 2842 1888 2920 aput
1931 2837 2233 2918 Judaeos‚
2306 2839 2420 2904 sed
2468 2839 2626 2903 abiit
2669 2841 2735 2904 in
2783 2841 3112 2923 regionem

504 2943 912 3023 longinquam
957 2941 1135 3006 iuxta
1182 2942 1504 3007 desertum
1552 2942 1618 3005 in
1666 2943 2016 3023 ciuitatem,
2095 2961 2256 3023 quae
2306 2944 2542 3008 dicitur
2587 2943 2828 3021 Efrem,
2906 2949 2973 3028 et
3019 2946 3109 3011 ibi

504 3048 869 3112 morabatur
918 3064 1058 3111 cum
1105 3047 1440 3129 discipulis
1489 3048 1641 3111 suis,
1706 3046 1808 3114 55.
1858 3047 2217 3112 Proximum
2264 3053 2476 3113 autem
2522 3054 2659 3114 erat
2708 3048 2949 3130 pascha
2991 3052 3111 3116 Ju-

508 3154 828 3217 daeorum.
879 3151 1330 3216 Ascenderunt
1363 3168 1514 3233 ergo
1546 3151 1729 3216 multi
1767 3150 2212 3233 Hierosolyma
2260 3153 2338 3218 de
2366 3153 2624 3235 regione
2672 3158 2818 3219 ante
2850 3154 3107 3236 pascha,

505 3261 571 3320 ut
639 3252 1116 3322 sanctificarent
1198 3274 1267 3319 se
1330 3257 1522 3337 ipsos
1614 3257 1716 3321 56.
1805 3256 2219 3333 Quaerebant
2263 3277 2414 3339 ergo
2462 3256 2705 3339 Jesum,
2783 3263 2850 3323 et
2897 3259 3108 3325 conlo·

506 3362 869 3442 quebautur
934 3360 1098 3425 alius
1168 3361 1247 3425 ad
1318 3360 1506 3425 alium
1576 3361 1640 3424 in
1709 3360 1948 3443 templo
2019 3364 2264 3427 stantes
2326 3366 2393 3427 et
2462 3363 2779 3429 dicentes:
2858 3364 3110 3430 Putatis

500 3465 651 3546 quia
698 3483 823 3529 non
855 3466 1034 3529 uenit
1059 3466 1137 3528 ad
1173 3465 1339 3530 diem
1383 3464 1662 3531 festum?
1698 3465 2023 3530 Dederunt
2070 3470 2281 3530 autem
2330 3466 2653 3549 principes
2700 3470 3107 3534 sacerdotum

500 3575 566 3633 et
610 3570 935 3635 Pharisaei
983 3576 1411 3653 praeceptum,
1484 3574 1553 3635 ut
1615 3573 1668 3636 si
1731 3570 1873 3652 quis
1933 3570 2305 3651 cognouerit
2352 3570 2462 3636 ubi
2522 3572 2626 3655 sit,
2706 3576 2775 3638 ut
2845 3571 3105 3655 iudicet,

503 3679 568 3740 et
638 3675 1135 3758 adprehendant.

711 3883 878 3952 XII.
926 3890 983 3952 1.
1049 3887 1241 3954 Jesus
1289 3906 1440 3969 ergo
1487 3892 1635 3953 ante
1681 3903 1790 3951 sex
1839 3887 1976 3951 dies
2027 3888 2296 3970 paschae
2345 3889 2522 3952 uenit
2567 3885 2948 3953 Bethaniam
2997 3888 3108 3953 ubi

504 3995 642 4056 erat
705 3990 1003 4071 LazaruS,
1061 3992 1171 4075 qui
1215 3992 1342 4057 fuit
1382 3997 1689 4071 mortuus,
1738 4010 1925 4073 quem
1972 3992 2327 4056 suscitauit.
2377 3995 2434 4057 2.
2485 3992 2804 4058 Fecerunt
2847 4011 2996 4075 ergo
3045 3994 3103 4058 ei

505 4114 722 4161 cenam
766 4095 893 4183 fibi,
941 4103 1007 4164 et
1067 4097 1324 4163 Martha
1384 4097 1805 4177 ministrabat,
1868 4102 1935 4162 et
1977 4095 2261 4162 Lazarus
2309 4115 2469 4162 unus
2518 4101 2658 4162 erat
2703 4116 2780 4161 ex
2828 4098 3103 4162 discum·

502 4200 802 4267 bentibus
864 4222 1006 4268 cum
1050 4221 1143 4268 eo.
1222 4205 1279 4269 3.
1331 4202 1539 4266 Maria
1584 4203 1803 4283 itaque
1852 4202 2099 4281 accepit
2144 4201 2371 4265 libram
2422 4202 2724 4284 unguenti
2774 4200 2992 4284 pistici
3038 4208 3106 4269 et

505 4308 688 4371 unxit
734 4308 931 4387 pedes
977 4307 1133 4374 Jesu
1182 4311 1248 4372 et
1292 4308 1562 4373 extersit
1607 4306 1855 4388 capillis
1903 4305 2037 4371 suis
2068 4306 2266 4388 pedes
2297 4307 2455 4385 eius,
2504 4311 2569 4371 et
2592 4307 2815 4372 domus
2842 4307 3106 4389 impleta

494 4415 593 4475 est
653 4430 732 4476 ex
794 4412 991 4476 odore
1050 4412 1378 4495 unguenti.
1471 4413 1529 4477 4.
1591 4411 1677 4475 Et
1722 4412 1879 4477 dicit
1943 4430 2106 4477 unus
2152 4430 2229 4476 ex
2276 4411 2609 4493 discipulis
2659 4413 2815 4492 eiuS,
2891 4411 3103 4477 Judas

496 4515 712 4580 Simon
760 4515 1101 4597 Sca1·ioteS‚
1151 4517 1258 4599 qui
1304 4516 1650 4599 incipiebat
1697 4536 1840 4581 eum
1872 4518 2169 4583 tradere:
2217 4517 2277 4582 5.
2312 4516 2521 4594 Quare
2555 4516 2674 4583 hoc
2707 4521 3102 4599 unguentum

496 4637 620 4684 non
667 4621 870 4687 ueniit
914 4621 1195 4688 denariis
1242 4620 1419 4686 CCC.
1490 4627 1556 4687 et
1603 4623 1820 4687 datum
1881 4627 1978 4688 est
2023 4621 2465 4706 pauperibus?
2555 4623 2612 4687 6.
2662 4621 2844 4687 Dixit
2888 4626 3104 4688 autem

502 4726 641 4803 hoc,
667 4745 792 4791 non
817 4727 966 4807 quia
991 4727 1068 4791 de
1098 4727 1484 4809 pauperibus
1510 4728 1875 4808 pertinebat
1904 4727 1983 4792 ad
2015 4745 2179 4806 eum,
2229 4726 2345 4791 sed
2385 4726 2533 4808 quia
2565 4725 2667 4790 fur
2714 4731 2851 4792 erat
2898 4731 2965 4792 et
3011 4727 3101 4792 lo-

508 4830 684 4895 culos
729 4829 1022 4911 habebat,
1094 4835 1155 4895 et
1202 4850 1365 4913 quae
1411 4831 1825 4896 mittebantur
1874 4831 2265 4912 exportabat.
2339 4832 2395 4896 7.
2447 4829 2624 4895 Dixit
2670 4848 2821 4913 ergo
2867 4829 3091 4896 Jesus:
