3484 5617
301 497 359 549 G.
398 500 483 549 24.
1097 493 1461 563 Euangelium
1498 492 1802 550 secundum
1840 491 2141 548 Lucanum.
2784 499 2904 564 117

302 709 401 771 11.
456 707 544 771 Ε1
589 709 731 770 uisa
777 712 927 771 sunt
972 710 1120 772 ante
1189 706 1335 770 illos
1404 707 1572 771 sicut
1638 706 2124 770 deliramentum
2194 705 2393 770 uerba
2438 707 2583 786 ista,
2660 710 2725 770 et
2771 726 2897 772 non

301 812 649 876 credebant
700 812 847 878 11118.
903 815 996 877 13.
1046 810 1134 875 Ε1
1179 830 1326 875 6666
1372 810 1498 875 (166
1546 830 1618 873 ex
1670 811 1800 874 illis
1828 811 2008 876 ibant
2046 811 2108 874 in
2135 812 2275 893 ipsa
2307 812 2410 876 die
2443 812 2507 876 in
2546 810 2902 890 castellum,

302 916 470 996 quod
521 914 747 980 aberat
791 916 1001 980 stadia
1048 917 1381 996 sexaginta
1424 915 1502 980 ab
1551 914 1972 996 Hierusalem,
2020 917 2276 980 nomine
2326 914 2605 988 Cleofas,
2650 920 2716 981 et
2761 917 2903 980 Am-

295 1039 494 1084 maus.
554 1023 647 1088 14.
698 1021 782 1087 Et
829 1021 951 1103 ipsi
998 1020 1466 1104 fabulabantur,
1517 1040 1594 1084 ex
1640 1020 1740 1084 his
1788 1019 2101 1085 omnibus.
2151 1038 2316 1100 quae
2363 1020 2751 1085 acciderant.
2816 1020 2905 1084 Et

295 1125 536 1190 factum
601 1133 701 1191 est
747 1125 890 1190 dum
939 1124 1411 1208 fabulabantur,
1482 1131 1549 1190 et
1595 1127 1731 1207 ipse
1777 1125 1970 1190 Jesus
2037 1125 2410 1206 superuenit
2469 1128 2534 1189 et
2579 1124 2716 1189 ibat
2759 1142 2904 1188 cum

295 1228 460 1307 illis;
517 1232 613 1296 16.
662 1230 827 1294 oculi
875 1237 1088 1295 autem
1136 1249 1353 1294 eorum
1401 1230 1802 1306 tenebantur,
1848 1249 1927 1294 ne
1973 1247 2116 1293 eum
2150 1229 2785 1309 adgnoscerent.·17.
2816 1227 2903 1293 Et

297 1336 392 1398 ait
437 1332 520 1397 ad
564 1332 747 1398 illos:
824 1334 948 1412 Qui
995 1339 1145 1399 sunt
1207 1334 1273 1399 hi
1320 1352 1665 1413 sermones,
1746 1353 1905 1415 quos
1975 1333 2279 1400 confertis
2348 1334 2428 1398 ad
2497 1333 2790 1412 inuicem,
2837 1337 2902 1399 et

292 1438 454 1502 estis
529 1438 799 1503 tristes?
898 1440 991 1504 18.
1070 1440 1427 1522 Respondit
1500 1458 1685 1522 unus,
1781 1459 1860 1502 ex
1934 1438 2092 1520 ipsis
2168 1438 2421 1503 nomine
2499 1436 2771 1517 CleofaS,
2835 1442 2902 1501 et

301 1541 465 1607 dixit
557 1541 682 1607 illi:
761 1542 857 1607 Tu
934 1543 1106 1608 solus
1197 1545 1570 1626 peregrinus
1640 1563 1707 1608 es
1784 1545 1851 1608 in
1922 1541 2354 1618 Hierusalem,
2446 1561 2575 1607 non
2668 1560 2901 1624 cogno-

297 1647 477 1727 uisti‚
556 1665 718 1727 quae
762 1646 935 1711 facta
978 1653 1129 1713 suut
1176 1650 1237 1713 16
1285 1648 1400 1712 1116
1443 1649 1508 1713 in
1558 1650 1656 1713 his
1703 1648 1982 1714 diebus?
2078 1648 2176 1712 19.
2228 1646 2473 1724 Quibus
2520 1645 2628 1712 ille
2698 1646 2896 1711 dixit:

305 1751 532 1828 Quae?
606 1751 692 1815 Et
739 1752 1070 1817 dixerunt:
1145 1754 1221 1817 de
1267 1753 1425 1818 Jesu
1473 1751 1788 1831 Nazareo,
1838 1752 1944 1833 qui
1990 1751 2113 1816 fuit
2159 1749 2492 1833 propheta,
2561 1754 2789 1833 potens
2835 1751 2899 1815 in

303 1873 497 1937 opere
530 1860 595 1920 et
627 1873 915 1920 sermone
964 1876 1174 1922 coram
1200 1858 1319 1921 deo
1367 1861 1433 1922 et
1477 1858 1649 1922 611161
1703 1857 1904 1939 plebe,
1968 1858 2072 1922 20.
2121 1858 2439 1938 quomodo
2485 1858 2653 1921 hunc
2696 1856 2897 1921 tradi-

297 1961 529 2025 derunt
578 1961 900 2042 principes
947 1962 1350 2026 sacerdotum
1397 1968 1464 2026 et
1508 1962 1711 2027 omnis
1760 1962 2035 2044 populus
2064 1981 2130 2026 16
2162 1961 2631 2026 damnationem
2678 1960 2901 2026 mortis

295 2071 361 2129 et
409 2068 581 2131 cruci
630 2085 770 2131 eum
818 2065 1115 2133 fixerunt.
1163 2070 1269 2133 21.
1317 2066 1449 2132 Nos
1497 2084 1651 2132 uero
1696 2068 2112 2149 sperabamus
2157 2067 2368 2148 ipsum
2415 2085 2575 2149 esse,
2648 2065 2756 2147 qui
2800 2084 2898 2129 re-

297 2171 663 2253 dempturus
711 2176 880 2236 esset
927 2171 1239 2250 Istrahe13
1316 2176 1381 2236 et
1424 2190 1592 2238 nunc
1637 2172 1833 2237 tertia
1893 2171 2029 2237 dies
2075 2176 2175 2236 est
2241 2170 2450 2255 hodie,
2528 2171 2698 2252 quod
2742 2170 2900 2235 11666

293 2275 464 2340 facta
514 2279 683 2341 sunt.
755 2279 856 2340 22.
906 2277 990 2342 Et
1038 2277 1099 2340 in
1146 2275 1247 2340 his
1294 2277 1585 2341 omnibus
1631 2277 1936 2342 mulieres
2006 2277 2320 2358 quaedam
2364 2294 2443 2340 ex
2489 2275 2726 2340 nostris
2769 2276 2900 2338 ter·

293 2386 561 2445 ruerunt
604 2399 740 2458 nos,
818 2399 980 2462 quae
1026 2386 1173 2446 6616
1222 2382 1429 2447 lucem
1497 2380 1759 2447 fuerunt
1816 2382 1896 2446 ad
1942 2387 2436 2459 monumentum,
2513 2382 2616 2446 23.
2665 2384 2730 2444 et
2774 2398 2898 2443 non

294 2486 557 2551 inuento
604 2504 870 2567 corpore
916 2487 1054 2553 eius
1103 2491 1434 2566 uenerunt,
1484 2487 1772 2552 dicentes
1819 2505 1887 2552 se
1931 2488 2125 2551 etiam
2171 2487 2482 2552 uisionem
2531 2483 2899 2566 angelorum

296 2588 556 2669 uidisse,
605 2591 710 2672 qui
764 2591 984 2656 dicunt
1029 2609 1171 2655 eum
1219 2593 1458 2657 uiuere.
1507 2593 1610 2657 24.
1658 2592 1746 2656 Et
1790 2592 2090 2657 abierunt
2135 2592 2390 2671 quidam
2436 2608 2514 2654 ex
2546 2590 2786 2655 nostris
2818 2589 2898 2651 ad

294 2701 765 2761 monumentum
815 2700 880 2759 et
926 2696 1019 2760 ita
1064 2697 1463 2770 inuenerunt,
1513 2698 1681 2761 sicut
1741 2698 2043 2761 mulieres
2106 2696 2441 2773 dixerunt3
2490 2696 2696 2778 ipsum
2745 2711 2898 2758 uero

291 2818 420 2864 non
467 2799 788 2864 uiderunt.
881 2802 982 2866 25.
1031 2801 1118 2865 Et
1163 2802 1301 2883 ipse
1361 2800 1524 2865 dixit
1570 2801 1650 2865 ad
1698 2819 1842 2866 eos:
1916 2798 1971 2865 O
2027 2800 2205 2864 stulti
2256 2803 2322 2864 et
2366 2799 2533 2864 tardi
2580 2798 2770 2865 corde
2815 2797 2896 2861 ad

294 2904 679 2968 credendum
707 2905 768 2968 in
804 2904 1114 2984 omnibus,
1143 2922 1308 2985 quae
1333 2904 1528 2970 locuti
1555 2909 1704 2971 sunt
1726 2905 2097 2987 prophetae.
2132 2906 2234 2970 26.
2282 2904 2508 2970 Nonne
2533 2902 2690 2969 haec
2713 2920 2895 2984 opor-

296 3010 424 3073 tuit
458 3008 590 3090 pati
641 3007 965 3073 Christum
1015 3015 1082 3073 et
1127 3011 1216 3074 ita
1263 3010 1502 3074 intrare
1560 3011 1623 3073 in
1670 3009 1937 3093 gloriam
1987 3010 2219 3074 suam?
2268 3011 2369 3074 27.
2418 3008 2505 3074 Ε1
2549 3011 2690 3072 erat
2738 3007 2895 3070 inci-

295 3114 475 3194 piens
523 3131 561 3177 a
605 3112 827 3196 Moyse
903 3121 969 3179 et
1014 3115 1305 3180 omnibus
1364 3113 1697 3196 prophetis
1761 3115 2233 3196 interpraetans
2294 3112 2424 3179 illis
2493 3113 2557 3179 in
2605 3111 2895 3177 omnibus

298 3218 645 3300 scripturis,
724 3236 887 3298 quae
968 3219 1046 3282 de
1122 3219 1266 3300 ipso
1339 3222 1542 3284 erant.
1635 3220 1735 3285 28.
1813 3219 1913 3283 Ed
1972 3219 2549 3303 adpropriauemnt
2634 3215 2896 3282 castello

295 3339 419 3403 quo
464 3320 660 3394 ibant,
741 3327 805 3385 et
881 3322 1020 3402 ipse
1075 3320 1257 3388 finxit
1330 3342 1398 3389 se
1464 3324 1715 3405 longius
1792 3324 1905 3389 ire.
1980 3326 2084 3389 29.
2145 3324 2230 3393 Et
2304 3326 2651 3406 coegerunt
2718 3321 2897 3386 illum

293 3427 611 3491 dicentes:
704 3425 892 3490 Mane
964 3427 1313 3506 nobiscum,
1404 3430 1704 3510 quoniam
1781 3430 1861 3494 ad
1935 3449 2271 3513 uesperum
2358 3432 2483 3496 iam
2552 3426 2900 3493 declinauit

291 3531 451 3596 dies,
542 3532 630 3595 Et
704 3529 969 3594 intrauit
1044 3550 1183 3595 cum
1247 3532 1374 3596 illis
1453 3538 1518 3597 et
1593 3534 1844 3599 mansit.
1937 3537 2039 3601 30.
2088 3536 2176 3598 Et
2243 3535 2481 3600 factum
2551 3536 2667 3610 est,
2747 3531 2894 3595 dum

293 3635 610 3702 recumbit
675 3654 814 3700 cum
878 3635 1026 3714 11118,
1076 3638 1323 3718 accepit
1385 3656 1632 3717 panem,
1709 3645 1776 3702 et
1842 3639 2168 3704 benedixit
2229 3658 2304 3704 66
2349 3638 2537 3718 fregit
2583 3641 2647 3699 et
2696 3636 2896 3718 porri-

290 3740 483 3822 gebat
555 3741 700 3807 illis.
793 3744 894 3806 31.
944 3740 1029 3805 Et
1103 3743 1309 3823 aperti
1378 3746 1528 3806 sunt
1592 3743 1759 3807 661111
1828 3762 2064 3826 eorum,
2135 3748 2198 3808 et
2250 3746 2688 3823 cognouerunt
2729 3758 2894 3817 eum,

292 3851 359 3910 et
404 3847 649 3911 inuisus
717 3845 926 3910 factus
997 3850 1096 3911 est
1141 3848 1254 3912 eis,
1346 3847 1452 3912 32.
1498 3847 1587 3912 Et
1632 3848 1934 3912 dixerunt
1991 3849 2070 3912 ad
2120 3848 2424 3912 inuicem:
2516 3846 2740 3911 Nonne
2788 3861 2897 3908 cor

293 3957 577 4016 nostrum
626 3955 766 4015 erat
811 3952 874 4015 in
922 3950 1108 4017 nobis
1154 3953 1388 4017 ardens
1434 3952 1500 4016 in
1546 3953 1672 4035 uia,
1748 3971 1890 4016 cum
1936 3952 2217 4032 aperiret
2261 3953 2443 4017 nobis
2489 3947 2896 4032 scripturas?

291 4057 392 4121 33.
442 4056 528 4120 Et
574 4060 991 4120 surrexerunt
1037 4058 1176 4138 ipsa
1222 4057 1379 4121 hora
1428 4061 1492 4122 et
1538 4058 1851 4138 regresssi
1898 4058 2136 4120 suntin
2165 4056 2568 4121 Hierusalem
2616 4059 2681 4118 et
2713 4055 2893 4118 inue-

290 4165 523 4226 nerunt
568 4165 986 4242 congregatos
1034 4162 1327 4226 undecim
1373 4167 1439 4227 et
1485 4180 1614 4244 668,
1662 4162 1771 4242 qui
1821 4161 2117 4227 cumillis
2162 4165 2369 4238 erant,
2417 4161 2735 4225 dicentes:
2789 4156 2891 4223 34.

292 4265 476 4342 Quod
522 4267 946 4330 resurrexerit
993 4267 1286 4331 dominus
1331 4272 1398 4331 et
1442 4267 1623 4331 uisus
1669 4274 1772 4330 est
1819 4286 1855 4330 a
1897 4264 2172 4332 Simone.
2225 4266 2327 4333 35.
2377 4266 2462 4330 Et
2506 4264 2630 4344 ipsi
2676 4280 2893 4326 narra-

292 4369 462 4447 bant,
542 4387 705 4451 quae
751 4374 934 4450 gesta
983 4377 1184 4448 erant,
1233 4375 1301 4434 et
1348 4370 1662 4451 quomodo
1740 4374 2179 4452 cognouerunt
2244 4387 2389 4432 eum
2468 4369 2531 4432 in
2578 4366 2891 4431 fractione

287 4475 490 4556 panis,
538 4476 641 4539 36.
691 4476 858 4538 Dum
904 4473 1064 4539 haec
1111 4478 1325 4538 autom
1374 4473 1670 4539 locuntur
1715 4473 1829 4551 illi,
1879 4474 2014 4554 ipse
2060 4474 2241 4539 stetit
2288 4473 2349 4537 in
2397 4472 2607 4537 medio
2654 4489 2891 4536 eorum.

289 4581 392 4645 37.
445 4577 954 4660 Conturbatique
1001 4583 1069 4644 et
1115 4579 1451 4644 conterriti
1519 4578 1978 4645 existimabant
2042 4597 2112 4642 se
2158 4577 2452 4659 spiritum
2500 4574 2739 4640 uidere.
2788 4577 2892 4639 38.

287 4685 468 4749 Dixit
512 4688 724 4748 autem
772 4687 849 4748 ad
898 4684 1079 4749 illos:
1151 4685 1319 4762 Quid
1383 4683 1625 4749 turbati
1691 4683 1899 4748 estis?
1966 4688 2031 4748 et
2076 4701 2272 4763 quare
2332 4680 2750 4762 cogitationes
2795 4698 2893 4744 68-

289 4790 640 4856 cenderunt
687 4790 750 4854 in
797 4790 989 4854 corde
1035 4790 1299 4855 uestro?
1389 4790 1495 4855 39.
1546 4787 1797 4866 Uidcte,
1877 4806 2025 4857 ecce
2090 4804 2314 4853 manus
2363 4804 2538 4851 meas
2584 4789 2649 4850 et
2693 4785 2896 4869 pedes
