3484 5617
505 511 588 574 92
1315 506 1676 575 Euangeiium
1715 503 2014 560 secundum
2055 505 2354 560 Lucanum.
2959 508 3016 560 C.
3057 514 3103 561 8.

501 724 673 797 runt,
722 724 789 783 et
832 718 1003 783 facta
1048 729 1148 783 est
1190 716 1627 799 tranquillitas
1674 733 1923 797 magna.
1979 718 2086 783 25.
2133 718 2313 780 Dixit
2358 722 2572 781 autem
2617 716 2781 781 illis:
2832 717 2958 782 Ubi
3005 724 3106 783 est

500 822 662 889 fides
707 822 977 888 uestra?
1055 822 1139 887 Et
1187 822 1485 889 timentes
1534 820 1745 885 mirati
1795 827 1944 887 sunt
1990 822 2069 886 ad
2118 823 2390 885 inuicem
2438 821 2760 887 dicentes:
2809 823 2953 903 quis
2997 828 3100 888 est

502 929 629 1005 hic,
677 927 845 1008 quod
892 929 1051 991 mari
1099 933 1164 992 et
1211 928 1421 992 uentis
1468 927 1761 1007 imperat,
1826 932 1891 991 et
1938 926 2242 992 obediunt
2295 926 2561 1007 imperio
2607 927 2793 992 eius?
2867 928 2971 991 26.
3019 926 3104 990 Et

500 1033 970 1114 nauigauerunt
1018 1032 1097 1096 ad
1146 1032 1468 1112 regionem
1535 1032 2025 1111 Gerasenorum,
2089 1050 2252 1112 quae
2299 1036 2399 1096 est
2460 1037 2679 1096 contra
2727 1031 3099 1096 Galilaeam.

504 1139 605 1202 27.
652 1138 738 1201 Et
785 1155 924 1201 cum
973 1155 1274 1218 egressus
1319 1140 1491 1200 esset
1539 1137 1620 1199 ad
1667 1141 1926 1212 terram,
1976 1136 2251 1200 occurrit
2298 1136 2392 1201 illi
2438 1137 2540 1201 uir
2587 1135 2841 1216 quidam
2891 1137 2970 1201 de
3016 1135 3102 1197 ci-

502 1243 704 1307 uitate
741 1292 753 1305 .
791 1290 803 1306 .
843 1291 857 1306 .
904 1242 1180 1307 habebat
1225 1242 1624 1306 daemonium
1673 1241 2071 1321 temporibus
2118 1241 2335 1305 multis
2383 1248 2447 1305 et
2494 1241 2944 1306 uestimentum
2978 1260 3101 1305 non

499 1347 891 1411 induebatur
955 1365 1164 1427 neque
1227 1345 1291 1410 in
1340 1346 1524 1410 domo
1569 1346 1886 1424 manebat,
1951 1345 2063 1410 sed
2126 1343 2191 1408 in
2255 1346 2698 1410 monumentis.
2769 1348 2872 1411 28.
2921 1345 2987 1410 Is
3033 1350 3105 1409 ut

502 1452 668 1516 uidit
706 1451 952 1534 Jesum,
984 1450 1260 1532 procidit
1305 1455 1453 1515 ante
1500 1449 1676 1514 illum
1725 1455 1792 1513 et
1836 1450 2200 1515 exclamans
2239 1468 2397 1515 uoce
2429 1468 2656 1532 magna
2688 1450 2883 1514 dixit:
2933 1449 3100 1526 Quid

497 1556 653 1621 mihi
715 1561 782 1622 et
829 1557 945 1620 tibi
992 1556 1146 1621 Jesu
1212 1555 1302 1620 fili
1350 1555 1452 1619 dei
1515 1555 1863 1620 altissimi?
1924 1554 2186 1620 obsecro
2231 1560 2315 1633 te,
2363 1573 2576 1619 neme
2623 1559 2949 1636 torqueas,
2996 1554 3097 1620 29.

498 1660 939 1741 Praecipiebat
991 1662 1158 1725 enim
1207 1659 1464 1741 spiritui
1507 1660 1852 1739 immundo,
1887 1668 1959 1723 ut
2003 1662 2209 1724 exiret
2241 1659 2321 1723 ab
2350 1658 2626 1724 homine.
2675 1658 2899 1723 Multis
2931 1659 3098 1723 enim

500 1766 898 1847 temporibus
935 1770 1194 1845 ruperat
1230 1763 1427 1841 illum,
1460 1784 1606 1828 nam
1640 1765 1894 1829 uinctus
1929 1766 2171 1829 catenis
2217 1770 2285 1830 et
2330 1764 2739 1846 compedibus
2784 1764 3097 1829 custodie·

499 1871 688 1933 batur
752 1874 817 1933 et
877 1869 1079 1950 ruptis
1139 1868 1415 1933 uinculis
1488 1869 1798 1950 agebatur
1861 1888 1899 1933 a
1959 1870 2293 1934 daemonio
2349 1870 2415 1934 in
2476 1868 2616 1934 loca
2675 1868 2948 1935 deserta.
2994 1870 3098 1934 30.

505 1973 942 2056 Interrogauit
987 1979 1198 2038 autem
1247 1973 1424 2038 illum
1468 1973 1694 2038 Jesus:
1744 1974 1926 2051 Quod
1975 1974 2089 2037 tibi
2139 1992 2370 2039 nomen
2418 1979 2564 2039 est?
2612 1975 2708 2039 Ad
2746 1975 2858 2039 ille
2903 1974 3095 2039 dixit:

500 2078 716 2160 Legio,
746 2080 893 2158 quia
922 2079 1103 2143 multi
1140 2097 1374 2143 sumus,
1421 2079 1525 2144 31.
1575 2079 1662 2143 Et
1692 2079 2003 2160 rogabant
2035 2079 2232 2159 illum,
2259 2098 2340 2143 ne
2374 2080 2714 2162 imperaret
2745 2078 2896 2156 illis,
2929 2084 3004 2143 ut
3035 2080 3094 2143 iu

502 2183 800 2264 abyssum
849 2185 1035 2248 irent.
1096 2184 1200 2250 32.
1246 2182 1406 2247 Erat
1450 2188 1663 2247 autem
1712 2183 1800 2247 ibi
1866 2202 2018 2264 grex
2066 2203 2399 2265 porcorum
2448 2185 2790 2250 multorum
2837 2201 3097 2266 pascen-

499 2288 675 2367 tium,
745 2293 812 2353 et
868 2294 1257 2370 rogauerunt
1319 2289 1516 2368 illum,
1577 2294 1650 2353 ut
1714 2289 1779 2353 iu
1846 2289 1990 2353 illos
2050 2290 2248 2368 irent3
2314 2295 2379 2354 et
2437 2290 2729 2372 permisit
2773 2289 2923 2355 illis.
2993 2290 3094 2355 33.

500 2393 814 2457 Exierunt
858 2411 1009 2474 ergo
1058 2394 1390 2458 daemonia
1435 2393 1513 2457 ab
1561 2392 1812 2457 homine
1844 2400 1908 2457 et
1943 2394 2346 2458 intrauerunt
2380 2394 2446 2458 in
2478 2412 2726 2475 porcos,
2760 2399 2828 2458 et
2859 2395 3095 2474 impetu

502 2496 660 2561 abiit
704 2515 860 2579 grex
921 2517 1037 2579 per
1098 2517 1402 2580 praeceps
1462 2498 1527 2562 in
1586 2503 1879 2580 stagnum
1929 2503 1995 2563 et
2041 2497 2345 2563 suffocati
2395 2503 2560 2563 sunt.
2630 2500 2733 2564 34.
2784 2499 3096 2569 Uidentes

498 2607 731 2684 autem,
781 2602 888 2682 qui
948 2604 1315 2687 pascebant,
1376 2604 1548 2683 quod
1596 2602 1837 2668 factum
1887 2608 2010 2681 est,
2064 2602 2367 2683 sugerunt
2413 2609 2481 2668 et
2526 2605 2986 2668 nuntiauerunt
3030 2604 3096 2666 in

498 2707 826 2771 ciuitatem
873 2712 938 2771 et
981 2707 1044 2772 in
1099 2707 1303 2773 uillas,
1354 2710 1457 2773 35.
1508 2707 1826 2772 Exierunt
1870 2713 2086 2772 autem
2134 2709 2374 2787 uidere,
2424 2709 2592 2789 quod
2638 2707 2875 2774 factum
2902 2713 3000 2773 est
3032 2715 3098 2772 et

496 2815 815 2875 uenerunt
858 2811 939 2876 ad
987 2811 1207 2879 Jesum
1254 2817 1319 2875 et
1363 2813 1755 2877 inuenerunt
1799 2813 2115 2878 hominem
2145 2813 2492 2893 sedentem,
2532 2833 2568 2878 a
2600 2831 2725 2894 quo
2759 2812 3092 2878 daemonia

498 2916 803 2999 exierant,
856 2918 1156 2981 uestitum
1190 2935 1262 2981 ac
1304 2934 1497 2980 sanae
1531 2918 1762 2982 mentis
1810 2919 1889 2981 ad
1939 2917 2136 2996 pedes
2183 2918 2323 2981 eius
2368 2921 2434 2981 et
2476 2918 2827 2982 timuerunt
2858 2915 3095 2981 ualde?

497 3023 599 3087 36.
649 3020 1127 3086 Nuntiauerunt
1170 3026 1387 3085 autem
1433 3022 1547 3105 illi,
1595 3027 1702 3102 qui
1753 3020 2064 3100 uiderant,
2112 3022 2424 3103 quomodo
2473 3022 2690 3086 saluus
2734 3020 2942 3086 factus
2973 3024 3090 3101 est,

496 3126 605 3206 qui
666 3126 1000 3189 daemonia
1047 3127 1422 3193 uexabatur.
1492 3127 1592 3192 37.
1645 3126 1730 3190 Et
1800 3132 2185 3207 rogauerunt
2230 3126 2406 3192 illum
2478 3126 2683 3191 omnis
2748 3125 3095 3190 multitudo

495 3230 776 3310 regionis
847 3229 1337 3309 Gerasenorum,
1386 3235 1458 3294 ut
1526 3230 1890 3294 discederet
1958 3232 2037 3294 ab
2106 3232 2285 3312 ipsis,
2356 3233 2506 3311 quia
2571 3234 2799 3297 timore
2868 3249 3094 3312 magno

496 3336 895 3399 tenebantur.
943 3335 1091 3415 Ipse
1137 3343 1345 3401 autem
1396 3335 1748 3400 ascendens
1780 3355 2031 3415 nauem,
2063 3354 2362 3401 reuersus
2396 3344 2511 3402 est.
2560 3339 2664 3403 38.
2710 3337 2799 3402 Et
2829 3326 3096 3417 rogabat

501 3438 678 3503 illum
713 3440 836 3518 uir,
884 3457 922 3501 a
953 3456 1076 3519 quo
1119 3439 1452 3504 daemonia
1500 3439 1810 3521 exierant,
1858 3445 1933 3504 ut
1977 3460 2118 3505 cum
2166 3442 2304 3523 ipso
2337 3449 2542 3523 esset3
2593 3442 2838 3506 dimisit
2878 3446 3091 3504 autem

495 3545 672 3608 illum
724 3545 977 3608 dicens:
1049 3543 1151 3609 39.
1201 3543 1360 3608 Redi
1412 3545 1663 3609 domum
1712 3548 1778 3607 et
1824 3562 2034 3623 narra,
2064 3550 2302 3625 quanta
2345 3546 2459 3609 tibi
2505 3545 2799 3611 dominus
2843 3542 3090 3608 fecerit.

497 3648 580 3713 Et
625 3649 786 3713 abiit
833 3666 951 3730 per
996 3649 1355 3715 uniuersam
1406 3649 1756 3731 ciuitatem,
1818 3651 2198 3731 praedicans
2245 3656 2487 3733 quanta
2533 3649 2728 3715 Jesus
2774 3648 2931 3713 fecit
2975 3647 3091 3712 illi.

498 3753 595 3817 40.
646 3753 910 3819 Factum
958 3759 1061 3820 est
1093 3760 1319 3834 autem,
1371 3774 1511 3819 cum
1546 3755 1824 3819 redisset
1869 3754 2082 3834 JesuS‚
2133 3757 2386 3837 excepit
2428 3755 2606 3819 illum
2638 3752 2858 3830 turba;
2906 3758 3095 3817 erant

495 3860 663 3923 enim
710 3878 927 3924 omnes
959 3865 1370 3941 expectantes
1402 3859 1601 3925 illum.
1647 3861 1753 3923 41.
1801 3860 1890 3923 Et
1920 3878 2068 3924 ecce
2099 3861 2279 3924 uenit
2306 3861 2429 3940 uir,
2477 3860 2580 3924 cui
2611 3876 2837 3922 nomen
2861 3857 3090 3937 Iairus,

497 3972 564 4028 et
606 3965 744 4045 ipse
790 3964 1085 4045 princeps
1133 3983 1493 4047 synagogae
1542 3969 1701 4039 erat,
1752 3971 1817 4029 et
1863 3965 2092 4029 cecidit
2119 3968 2198 4030 ad
2248 3967 2443 4047 pedes
2476 3965 2633 4029 Jesu
2666 3981 2895 4045 rogans
2928 3980 3087 4036 eum,

495 4072 567 4132 ut
597 4069 867 4133 intraret
899 4070 960 4133 in
993 4069 1249 4134 domum
1283 4070 1442 4134 eius.
1490 4071 1594 4134 42.
1647 4070 1746 4148 Qu
1783 4121 1794 4134 .
1833 4121 1845 4134 .
1884 4120 1897 4134 .
1946 4071 2134 4135 unica
2174 4078 2315 4136 erat
2347 4122 2360 4134 .
2398 4120 2412 4134 .
2450 4122 2462 4132 .
2512 4071 2557 4133 li
2604 4071 2740 4133 fere
2785 4085 3090 4133 annorum

495 4172 650 4252 XII.,
697 4177 761 4237 et
804 4171 962 4238 haec
1007 4171 1436 4256 moriebatur3
1486 4179 1552 4237 et
1599 4175 1885 4257 contigit,
1922 4174 2066 4238 dum
2102 4174 2227 4239 iret
2273 4173 2484 4248 JesuS,
2535 4173 2906 4255 praemebat
2946 4190 3088 4237 eum

493 4278 786 4359 populus.
832 4280 937 4343 43.
985 4278 1073 4342 Et
1119 4278 1346 4342 mulier
1393 4278 1702 4358 quaedam
1735 4282 1877 4343 erat
1922 4279 1987 4343 in
2028 4276 2202 4343 fluxu
2234 4278 2563 4359 sanguinis
2594 4278 2673 4343 ab
2706 4278 2887 4345 annis
2918 4276 3088 4355 XII.,

496 4398 661 4461 quae
706 4380 770 4445 in
819 4381 1101 4446 medicos
1169 4387 1548 4463 eroganerat
1631 4401 1881 4447 omnem
1929 4383 2349 4448 substantiam
2409 4401 2605 4464 suam,
2666 4402 2785 4448 nec
2831 4381 2909 4446 ab
2956 4381 3089 4446 uilo

489 4486 697 4567 potuit
742 4486 971 4565 curari,
1034 4488 1140 4553 44.
1188 4489 1460 4553 accessit
1519 4493 1696 4553 retro
1761 4494 1827 4553 et
1875 4489 2091 4570 tetigit
2122 4490 2495 4555 uestimenti
2541 4490 2682 4553 eius
2748 4487 3085 4569 fimbriam,

496 4594 559 4655 et
605 4589 938 4656 confestim
985 4592 1168 4656 stetit
1212 4590 1419 4656 fluxus
1467 4594 1795 4676 sanguinis
1840 4594 1999 4660 eius.
2068 4595 2173 4660 45.
2222 4595 2311 4659 Et
2354 4595 2446 4659 ait
2488 4593 2715 4659 Jesus:
2767 4593 2925 4671 Quis
2968 4597 3088 4675 est,

496 4696 603 4775 qui
652 4714 749 4759 me
785 4696 1045 4777 tetigit?
1113 4696 1512 4777 Negantibus
1560 4705 1772 4764 autem
1819 4699 2113 4764 omnibus
2162 4701 2324 4765 dixit
2370 4701 2600 4765 Petrus
2662 4705 2729 4765 et
2786 4699 2897 4779 qui
2944 4718 3090 4765 curn

497 4798 608 4866 illo
654 4806 861 4867 erant:
915 4801 1322 4884 Praeceptor,
1385 4804 1611 4868 turbae
1674 4810 1738 4869 te
1786 4805 2208 4886 comprimunt
2261 4811 2391 4870 tam
2446 4822 2728 4885 magnae,
2775 4809 2844 4869 et
2887 4802 3088 4872 dicis:
